3190 4956
710 213 817 288 aa

227 393 356 464 possunt,
391 389 446 447 nisi
471 386 545 448 forte
567 386 654 448 valde
677 390 787 448 erravit
808 387 931 449 Plinius.
976 387 1061 448 Haec
1086 390 1182 447 omnia
1206 395 1274 446 aunt
1297 405 1373 468 quae

227 490 264 552 de
286 491 428 554 Auchatis
450 504 598 576 comperta
619 496 766 570 habemus,
790 498 945 578 omniaque
971 495 1008 554 ab
1026 494 1178 555 Herodoto
1194 503 1372 574 repetuntur,

226 610 295 682 post
326 606 407 663 ouius
437 613 561 668 aetatem
591 625 675 666 nemo
707 609 861 688 quicquam
895 605 932 666 de
954 605 1098 666 Auchatis
1132 613 1183 665 aut
1214 603 1289 663 vidit
1320 611 1372 664 aut

229 709 361 788 audivit3
384 711 584 774 Auchatarum
606 734 678 794 gens
701 734 799 776 earum
822 723 874 790 est,
898 735 1019 798 quarum
1041 717 1180 774 memoria
1196 712 1373 793 procedente

229 825 359 899 tempore
385 825 512 882 evanuit.
557 823 663 906 Itaque
688 823 823 884 Valerius
854 822 932 903 apud
964 831 1110 884 auctorem
1141 842 1225 881 suum
1260 821 1297 882 de
1331 824 1373 881 eis

229 949 288 988 non
310 929 375 1009 plus
396 935 522 1012 reperire
539 935 634 1014 potuit
657 954 742 1014 qnam
770 953 823 995 nos
854 932 930 1014 apud
955 931 1139 995 Herodotum
1170 932 1310 1014 legimus,
1344 938 1374 991 et

229 1035 372 1098 translata
394 1047 462 1100 sunt
484 1059 558 1122 quae
580 1039 617 1101 de
639 1042 681 1100 eis
703 1047 804 1100 narrat
826 1039 871 1100 VI
897 1042 956 1100 132
980 1060 1021 1102 e:

359 1150 453 1208 doctas
475 1158 500 1210 et
520 1153 658 1211 Anarta
679 1154 777 1224 potata
800 1171 871 1225 ναρα
892 1155 1000 1210 uincula
1021 1169 1090 1226 pyro

359 1277 488 1332 εροιροιο
510 1267 536 1318 ct
557 1268 691 1318 extremae
711 1263 816 1333 laquata
838 1263 975 1318 adducere
996 1268 1111 1318 tramae.

230 1364 318 1424 Hauc
349 1364 502 1446 pugnandi
534 1369 676 1427 rationem
709 1366 868 1427 narrabant
900 1366 1177 1447 chorographiamm
1214 1369 1371 1446 scriptores

231 1474 321 1531 secuti
354 1473 463 1532 Herod.
494 1475 555 1534 VII
579 1477 639 1535 85:
673 1470 740 1536 Εἰσί
763 1472 796 1535 δέ
824 1497 898 1544 τινες
921 1471 1048 1558 νομάδες
1072 1471 1226 1558 ἄνθρωποι
1251 1469 1371 1556 Σαγάρ-

228 1601 285 1642 τιοι
307 1580 493 1664 καλεόμενοι,
517 1579 603 1654 ἔθνος
627 1580 679 1668 μὲν
701 1580 847 1670 Περσικὸν
869 1581 918 1647 καὶ
942 1591 1039 1668 φωνῇ,
1064 1580 1173 1666 σκευὴν
1198 1579 1231 1644 δὲ
1264 1578 1370 1665 μεταξὺ

231 1685 334 1774 ἔχουσι
356 1690 556 1776 πεποιημένην
579 1699 632 1777 τῆς
655 1717 687 1758 τε
712 1692 862 1779 Περσικῆς
883 1690 932 1756 καὶ
956 1699 1008 1777 τῆς
1025 1690 1212 1776 Πακτυικῆς·
1245 1687 1272 1754 οἳ
1294 1713 1374 1774 παρ-

231 1799 346 1887 είχοντο
371 1799 422 1886 μὲν
444 1797 532 1865 ἵππον
556 1801 791 1887 ὀκτακισχιλίην,
816 1803 894 1865 όπλα
917 1799 949 1866 δὲ
972 1801 1007 1866 οὐ
1030 1800 1183 1885 νομίζουσι
1206 1797 1286 1884 ἔχειν
1306 1795 1374 1861 οὔτε

228 1907 346 1994 χαλκέα
369 1907 436 1972 οὔτε
459 1909 597 1994 σιδήρεα,
621 1907 677 1980 ἔξω
701 1909 897 1996 ἐγχειριδίων.
935 1908 1084 1994 χρέωνται
1116 1905 1149 1970 δὲ
1181 1915 1294 1992 σειρῇσι
1317 1929 1373 1969 πε-

230 2015 412 2103 πλεχμένησι
433 2017 463 2088 et
488 2016 634 2102 ἱμάντων,
658 2020 782 2104 ταθτησι
804 2017 919 2083 πίσυνοι
953 2015 1093 2104 ἔρχονται
1116 2017 1145 2088 ἐς
1180 2017 1318 2100 πόλεμον.
1353 2016 1373 2100 ἡ

232 2119 266 2184 δὲ
290 2121 372 2208 μάχη
396 2123 508 2188 τούτων
530 2129 588 2189 τῶν
612 2125 728 2210 ἀνδρῶν
751 2128 822 2210 ἥδε·
858 2123 948 2190 ἐπεάν
972 2123 1162 2209 συμμίσγωσι
1184 2127 1260 2188 τοῖσι
1282 2125 1374 2187 πολε-

234 2229 325 2314 μίοισι
349 2230 490 2317 βάλλουσι
512 2231 563 2305 τάς
593 2238 691 2319 σειρὰς
713 2234 758 2298 ἐπ’
783 2233 865 2320 άκρτρ
891 2234 1017 2319 βρόχους
1041 2231 1184 2318 ἐχούσας·
1221 2233 1288 2295 ότευ
1313 2230 1374 2294 δ’άν

233 2337 327 2424 τάχη,
351 2340 387 2423 ἥν
410 2364 442 2402 τε
463 2338 557 2405 ἵππου,
577 2342 613 2426 ἥν
636 2366 668 2405 τε
691 2342 862 2428 ἀνθρώπου,
892 2341 938 2404 ἐπ’
961 2338 1066 2404 ἑαυτόν
1098 2340 1185 2404 ἕλκει.
1222 2341 1250 2403 οἱ
1281 2337 1315 2402 δὲ
1345 2337 1376 2404 ἐν

234 2446 332 2532 ἕρκεσι
354 2447 613 2534 ἐμπαλασσόμενοι
644 2450 876 2537 διαφθείρονται.
922 2452 1045 2512 Proreus
1075 2451 1152 2511 idem
1175 2450 1375 2510 PausaniasI

237 2560 308 2633 21,e
334 2557 370 2618 de
392 2559 534 2620 Sarmatis
555 2571 670 2622 narrat:
708 2558 758 2623 καὶ
782 2556 880 2644 σειράς
903 2557 1110 2644 περιβαλόντες
1144 2562 1202 2620 τῶν
1227 2555 1376 2640 πολεμίων

235 2665 354 2738 ὁπόσοις
377 2664 427 2730 καί
449 2667 576 2754 τόχοιεν,
609 2668 676 2742 τοὺς
698 2667 805 2741 ἵππους
829 2667 1065 2754 ἀποστρέψαντες
1089 2665 1286 2751 ἀνατρέπουσι
1309 2663 1376 2737 τοθς

233 2773 428 2861 ἐνσχεθέντας
450 2779 514 2850 ταῖς
539 2780 657 2864 σειραῖς.
703 2783 744 2841 Et
764 2789 844 2840 totus
868 2779 985 2860 quidem
1018 2779 1066 2838 hic
1087 2779 1253 2838 Pausaniae
1284 2778 1376 2854 locus,

233 2888 415 2966 potissimum
437 2889 527 2948 verba
557 2888 776 2964 antecedentia,
811 2886 963 2948 Herodoto
995 2895 1054 2946 tam
1088 2869 1196 2946 similia
1224 2896 1310 2961 sunt,
1343 2895 1377 2946 ut

168 2991 170 2995 ’
234 2997 359 3075 suspicio
389 3005 560 3070 moveatur;
592 3007 689 3057 tamen
724 2999 750 3056 si
785 2996 857 3056 haec
887 2995 1084 3056 Sannatarum
1119 2993 1275 3074 descriptio
1304 3014 1376 3054 vera

234 3113 310 3165 essct
331 3114 477 3184 oporteret
499 3125 563 3166 eam
585 3126 645 3166 non
672 3105 762 3164 multo
795 3111 864 3164 ante
886 3103 1062 3162 Pausaniam
1095 3111 1265 3182 conceptam
1294 3122 1377 3177 esse3

234 3233 302 3272 nam
335 3215 428 3292 primo
461 3213 576 3274 saeculo
600 3213 750 3274 Sarmatae
780 3212 868 3289 longe
902 3210 961 3270 alia
995 3212 1108 3269 ratione
1142 3231 1207 3268 cum
1236 3210 1377 3268 Romanis

235 3328 382 3403 congressi
405 3331 480 3399 sunt,
504 3324 539 3384 cf.
561 3323 632 3383 Tac.
656 3322 722 3382 hiet.
746 3322 762 3382 I
786 3323 803 3381 7
808 3322 824 3379 9
850 3329 879 3380 et
900 3323 997 3399 ipsum
1019 3317 1171 3378 Valerium
1187 3317 1231 3376 VI
1255 3320 1316 3376 232
1338 3337 1375 3376 es.

234 3431 302 3490 Non
333 3434 396 3492 veri
428 3429 523 3491 simile
554 3437 599 3490 est
620 3428 770 3488 Valerium
801 3423 880 3506 apud
910 3432 1056 3484 auctorem
1078 3443 1163 3482 suum
1186 3421 1259 3482 duas
1281 3422 1377 3481 diver·

236 3544 365 3602 sisaimas
393 3543 521 3602 rationes
545 3536 696 3619 pugnandi
720 3536 919 3598 Sarmatarum
942 3535 1109 3612 repperisse.
1155 3531 1279 3592 Accedit
1302 3530 1379 3612 quod

236 3651 433 3712 Sarmatarum
466 3653 540 3709 ratio
572 3645 723 3727 pugnandi
753 3645 940 3704 aPausauia
967 3641 1113 3720 descripta
1137 3662 1278 3722 nusquam
1301 3660 1378 3700 com-

235 3768 416 3835 memoratur,
441 3777 615 3839 quamquam
638 3756 775 3815 sescentis
796 3753 868 3814 locis
890 3751 927 3812 de
943 3751 1083 3814 Sarmatis
1106 3754 1203 3828 agitur
1223 3754 1378 3831 ascripto-

237 3869 327 3944 ribus,
350 3873 401 3950 qui
424 3876 500 3928 certe
521 3867 597 3926 hanc
619 3868 721 3924 miram
743 3862 895 3944 pugnandi
918 3863 1061 3920 rationem
1083 3879 1141 3920 non
1165 3859 1280 3918 silentio
1295 3877 1379 3939 prae-

236 3984 379 4041 terissent.
424 3980 505 4056 Ergo
540 3996 641 4036 censeo
664 3975 840 4034 Pausaniam
875 3971 1038 4052 exemplum
1062 3989 1154 4044 suum,
1186 3968 1377 4044 Herodotum,

238 4090 295 4149 hoc
319 4107 432 4170 quoqne
454 4087 518 4146 loeo
539 4094 669 4146 secutum
692 4080 808 4168 esse¹);
839 4082 960 4142 fortasse
986 4079 1064 4138 bona
1085 4077 1144 4137 fide
1166 4077 1315 4138 Sarmatas
1337 4081 1380 4137 ita

311 4339 338 4409 1)
357 4335 532 4392 Wernickius
552 4335 598 4406 (de
611 4334 765 4391 Pausaniae
777 4331 875 4387 studiis
888 4329 1061 4398 Herodotus,
1080 4329 1202 4384 Berolini
1216 4329 1296 4400 leet)
1308 4329 1381 4383 hunc

240 4424 542 4500 locumfpraetcrmisit.
