3190 4956
795 219 835 290 tt

241 401 434 483 suspicionem
457 411 558 465 vocat:
593 425 692 466 omnes
715 403 766 464 alii
781 405 887 481 duces,
917 413 950 464 ut
972 405 1105 482 Colaxes,
1128 401 1238 481 Vanus,
1260 401 1390 482 Auchus,

134 573 137 578 ,
239 512 327 572 Datis
348 520 403 574 etc.
426 513 509 573 nulla
530 517 644 573 ratione
667 516 816 574 coniuncti
839 522 906 573 sunt
929 535 994 573 cum
1017 533 1051 574 aa
1075 523 1163 592 gente
1185 517 1232 574 cui
1252 515 1389 574 Valerius

238 639 288 680 eos
309 621 461 700 pracfecit:
486 621 617 683 credisne
638 643 728 682 unum
750 623 957 700 Teutagonum
981 624 1135 684 cohaerere
1158 644 1222 684 cum
1245 642 1280 683 ea
1300 631 1388 701 gente

216 731 286 800 ,cui
306 729 445 810 praeest?
490 731 525 790 cf.
552 731 693 794 Miillcnh.
716 731 750 790 Il
772 752 799 811 p.
826 734 885 792 109
911 731 976 791 adn.

326 835 461 896 Valerius
483 838 642 897 Bastarnas
674 839 759 897 iuxta
782 837 935 914 (brolios,
970 840 1020 917 qui
1053 837 1133 896 haud
1161 838 1263 918 procul
1286 857 1304 896 a
1326 837 1387 898 Da-

238 947 321 1002 nuvii
351 949 434 1004 ostiis
467 945 612 1021 incolunt,
648 955 804 1007 enumerat.
849 946 885 1006 Id
908 947 1087 1026 reliquorum
1110 949 1282 1027 scriptorum
1304 950 1386 1007 testi-

237 1056 336 1112 monio
358 1053 497 1114 firmatim.
542 1055 703 1116 Bastarnae
725 1059 852 1137 primum
875 1065 1134 1116 commemorantur
1156 1056 1234 1135 apud
1254 1057 1385 1134 Trogum

237 1157 316 1218 Prol.
342 1161 398 1220 28:
440 1162 476 1220 Ut
504 1171 612 1222 martiro
637 1183 701 1236 repa
724 1166 811 1237 Epiri
839 1166 1000 1222 Almanam
1033 1166 1227 1222 Laodamiam
1250 1166 1386 1236 Epirotae

237 1272 391 1328 occiderint.
437 1273 567 1344 Diatiqae
599 1276 631 1328 ia
661 1292 769 1330 caraem
801 1276 963 1330 Bastaraici
999 1282 1096 1330 motas.
1146 1273 1182 1330 Ut
1214 1292 1263 1330 raa
1292 1276 1384 1330 Mace-

238 1380 339 1437 doaiaa
368 1381 527 1439 Demetrias
556 1387 592 1440 eit
623 1402 641 1439 a
672 1383 821 1440 Dardam's
853 1387 942 1453 fasae.
989 1376 1050 1452 Qui
1079 1399 1132 1440 rex
1161 1379 1328 1439 Demetrius
1354 1380 1385 1438 11

237 1489 374 1565 regnavit
396 1507 420 1546 a.
445 1487 476 1546 0.
504 1490 682 1548 sss-229.
727 1487 801 1548 Inde
817 1490 976 1548 Bastarnas
999 1489 1036 1548 ab
1061 1490 1197 1569 aquilone
1219 1491 1301 1566 regni
1316 1489 1380 1548 Ma-

238 1595 371 1657 cedonici
394 1599 511 1656 sinistra
533 1601 598 1678 ripa
622 1599 752 1657 Danuvii
774 1597 968 1678 perlongum
990 1607 1103 1678 tempus
1131 1598 1221 1658 fuisse
1250 1597 1384 1658 traditur.

236 1703 314 1764 Plut.
337 1704 419 1765 Aem.
442 1706 476 1765 P.
502 1708 518 1766 9
544 1703 672 1768 ὑπεκίνει
703 1702 736 1767 δὲ
767 1703 817 1767 καί
841 1703 976 1776 Γαλάτας
1007 1703 1075 1776 τοὺς
1103 1703 1169 1790 περὶ
1201 1703 1250 1768 τὸν
1267 1694 1384 1790 Ἴστρον

238 1811 429 1896 οἰκημένους,
464 1810 631 1898 Βαστέρναι
660 1816 837 1899 καλοῦνται,
869 1812 991 1898 στρατὸν
1023 1813 1145 1898 ἱππότην
1167 1811 1219 1876 καί
1243 1810 1383 1898 μάχιμον.

237 1923 367 2004 Appiani
391 1924 439 1984 Ill.
465 1927 513 1984 22.
559 1925 647 1984 Dion.
670 1925 734 1984 Per.
760 1929 821 1985 303
846 1925 934 1984 schol.
957 1926 1128 1984 Danuvium
1150 1928 1267 2004 saepius
1290 1934 1383 1984 trans·

236 2031 319 2092 ibant
355 2031 513 2114 diripiendi
544 2055 632 2094 causa
655 2041 705 2092 aut
727 2037 904 2094 mercenarii.
950 2035 1015 2093 Liv.
1039 2033 1097 2092 XL
1122 2036 1171 2108 57,
1192 2061 1203 2100 ι
1227 2055 1294 2092 raam
1321 2043 1385 2108 post

235 2147 333 2215 parmis
361 2147 456 2202 diebus
485 2164 550 2218 pem
572 2149 782 2204 Bastarnarum
804 2149 855 2204 dia
876 2148 990 2204 sollicita
1012 2148 1047 2202 ab
1068 2148 1127 2203 saia
1148 2147 1258 2202 sedibus
1279 2163 1383 2218 maprm

232 2253 359 2324 peditam
392 2258 567 2327 equitumque
589 2274 676 2312 mama
699 2257 803 2312 latram
829 2258 931 2312 traicit.
976 2251 1066 2310 Dion.
1091 2253 1140 2326 51,
1159 2277 1187 2317 ρο
1212 2245 1384 2332 Βαστάρναι

238 2353 271 2418 δὲ
294 2353 408 2421 Σκύθαι
441 2380 472 2420 τε
496 2358 626 2444 ἀκριβῶς
658 2357 861 2443 νενομίδαται,
895 2355 944 2422 καί
979 2357 1046 2420 τότε
1070 2359 1139 2441 (sub
1161 2357 1310 2441 Augusto)
1333 2355 1383 2422 τὸν

232 2458 350 2551 Ἴστρον
376 2465 532 2553 διαβάντες
554 2470 607 2552 τήν
630 2492 662 2531 τε
676 2467 796 2532 Μυσίαν
820 2466 873 2552 τὴν
896 2465 1109 2550 καταντιπέρας
1132 2471 1217 2551 σφῶν
1240 2463 1290 2530 καί
1308 2465 1383 2550 μετὰ

235 2579 321 2639 τοῦτο
353 2573 405 2639 καί
438 2571 620 2662 Τριβάλλους
656 2578 782 2664 ὁμόρους
817 2577 894 2662 αὐτῇ
923 2575 1007 2648 ὄντας
1037 2625 1043 2638 .
1070 2625 1076 2638 .
1101 2625 1107 2636 .
1133 2624 1140 2640 .
1170 2575 1381 2660 ἐχειρώσαντο.

237 2684 381 2766 Scymnus
403 2709 431 2746 v.
451 2689 511 2748 793
536 2708 585 2748 eos
607 2691 682 2748 inter
704 2689 817 2768 'Pyram
840 2695 870 2748 et
892 2687 1000 2746 Istrum
1023 2694 1173 2746 enumerat
1198 2684 1308 2746 addens
1332 2705 1381 2746 eos

231 2793 367 2854 'nondum
398 2793 449 2855 diu
482 2796 523 2856 ibi
553 2817 632 2872 esse,
664 2791 836 2878 Βαστάρναι
868 2795 893 2856 τ’
924 2793 1078 2878 ἐπήλυδες.
1123 2793 1159 2852 Id
1186 2794 1325 2855 Miillenh.
1350 2796 1383 2854 II

235 2922 263 2983 p.
290 2905 350 2962 104
374 2923 485 2963 summa
506 2903 712 2984 probabilitate
735 2924 772 2962 ex
793 2904 942 2964 Demetrio
966 2903 1112 2964 Collatino
1145 2912 1291 2982 sumptum
1320 2922 1383 2963 esse

235 3010 430 3086 demonstrat,
462 3014 544 3071 cuius
577 3013 666 3071 aetati
696 3030 756 3070 vox
786 3008 932 3092 ἐπήλυδες
964 3019 1034 3092 apta
1057 3020 1107 3071 est.
1153 3010 1188 3069 cf.
1212 3029 1298 3073 anon.
1321 3030 1381 3090 per.

238 3125 285 3180 63.
339 3121 419 3180 Dum
451 3123 483 3178 in
514 3119 560 3179 his
593 3118 711 3180 sedibus
739 3128 822 3180 erant
852 3119 1046 3180 Mithradates
1080 3139 1146 3179 cum
1180 3121 1221 3178 eis
1250 3119 1382 3195 bellavit,

238 3227 317 3287 Plut.
348 3227 385 3288 de
408 3227 473 3287 fort.
496 3228 581 3287 Rom.
608 3231 664 3304 113
688 3227 796 3288 ibidem
820 3227 924 3288 Strabo
954 3227 994 3307 (p.
1022 3221 1090 3286 117.
1117 3229 1187 3286 128.
1213 3229 1284 3285 289.
1311 3228 1383 3288 294.

237 3336 306 3393 296.
332 3334 424 3413 306),
460 3337 540 3394 cuius
569 3343 701 3395 auctores
723 3333 998 3394 Mithradaticorum
1027 3336 1183 3413 scriptores
1214 3341 1298 3407 sunt,
1330 3351 1382 3392 eos

236 3444 326 3521 ponit.
374 3443 497 3503 Peucini
520 3445 570 3523 qui
592 3443 709 3504 Peucen
731 3443 857 3502 insulam
878 3445 955 3502 inter
975 3442 1108 3502 Danuvii
1131 3444 1207 3501 ostia
1228 3443 1315 3500 sitam
1338 3443 1382 3500 in-

236 3549 371 3610 colebant
392 3551 511 3631 (Strabo
535 3555 604 3612 305.
650 3553 722 3612 Tac.
746 3551 842 3612 Germ.
867 3551 921 3630 46)
945 3571 980 3612 ea
1001 3571 1068 3630 pars
1084 3552 1291 3610 Bastarnarum
1314 3558 1382 3610 sunt

237 3679 310 3738 quae
332 3661 459 3718 maxime
482 3659 520 3718 ad
542 3659 692 3721 meridiem
714 3662 817 3738 vergit.
863 3659 975 3720 Moesia
1000 3669 1157 3742 postquam
1184 3659 1304 3718 subacta
1338 3667 1382 3718 est

236 3768 351 3826 finitimi
374 3769 570 3827 Romanorum
592 3767 664 3828 facti
686 3775 761 3844 sunt,
784 3788 841 3849 qua
865 3766 902 3828 de
924 3789 1014 3829 causa
1034 3768 1187 3846 Augustus
1209 3787 1258 3827 ecs
1275 3765 1380 3844 dignos

238 3879 356 3957 putavit
380 3897 453 3957 quos
475 3878 506 3934 in
529 3875 625 3936 indice
646 3897 742 3938 rernm
765 3896 783 3935 a
805 3896 835 3937 se
866 3885 1013 3955 gestarum
1045 3887 1296 3953 commemoraret,
1327 3875 1381 3962 τὴν

235 3980 382 4067 ἡμετέραν
417 3981 515 4066 φιλίαν
551 3981 681 4066 ἠξίωσαν
716 3978 766 4045 διὰ
801 3980 955 4066 πρέσβεων
979 3979 1151 4066 Βαστάρναι
1180 3981 1230 4045 καὶ
1254 3981 1378 4048 Σκύθαι.

234 4091 383 4152 Introrsus
405 4090 476 4152 fines
498 4092 656 4152 latissimos
678 4091 826 4152 habebant
849 4108 970 4170 quorum
1002 4091 1163 4171 amplitudo
1194 4096 1300 4154 sensim
1322 4094 1380 4153 Ro·

234 4199 329 4259 manis
352 4199 487 4258 innotuit.
533 4195 638 4257 Strabo
660 4215 687 4276 p.
714 4197 774 4256 306
798 4198 829 4254 in
853 4195 1020 4256 universum
1048 4192 1119 4258 dicit
1148 4195 1178 4259 ἐν
1210 4194 1242 4258 δὲ
1264 4199 1301 4281 τῇ
1324 4215 1379 4280 με-

236 4302 345 4390 σογαίορ
378 4301 550 4388 Βαστάρναι
586 4298 638 4387 μὲν
671 4302 731 4372 τοῖς
765 4298 942 4384 Τυρεγέταις
980 4301 1086 4386 ὅμοροι
1122 4300 1174 4366 καί
1206 4303 1378 4390 Γερμανοῖς.

234 4413 413 4476 Accuratius
429 4413 546 4476 Plinius
561 4413 607 4476 IV
625 4415 686 4473 100
708 4413 751 4471 ita
774 4409 921 4490 disputat:
943 4419 1042 4488 amata
1063 4433 1131 4487 para
1144 4412 1381 4495 (Germanorum)
