3190 4956
784 225 822 281 24

471 449 530 542 Res
553 447 767 528 geographicae
789 467 805 507 e
827 446 961 525 Vergilio
985 455 1134 526 sumptae:

326 591 520 662 Ηρρονδονιαο
537 593 661 662 praiaco
683 586 750 665 (Ge.
772 589 817 648 lv
835 588 938 667 517s).
985 593 1109 648 Inarime
1133 584 1218 664 (Aen.
1235 585 1283 644 IX
1301 585 1386 662 745).

239 697 396 769 Laarcatcs
417 705 514 766 tarrac.
539 701 641 759 Lesbos
665 696 728 775 (Ge.
752 698 791 756 II.
818 698 878 776 90).
925 703 1050 774 Massyli.
1090 701 1248 772 Ροιραιαιι.
1277 699 1385 756 Tcacrt.

241 805 365 890 Thybris.
390 807 550 878 Trinacria.
983 817 986 824 '

640 913 689 972 Ex
712 911 822 974 ovidio
843 913 996 976 haustum:

327 1022 485 1098 Lycormas.

449 1193 497 1253 Ex
520 1194 585 1252 aliis
608 1194 815 1272 Argonauticis
837 1197 946 1254 inserta
968 1196 1040 1256 haec
1063 1202 1131 1253 sunt
1140 1189 1179 1273 1);

332 1338 459 1394 Parium.
484 1339 664 1410 Lampsacus.
687 1340 837 1396 marchas
852 1345 882 1395 et
904 1341 993 1396 Taras
1008 1333 1290 1416 comprehenduntur
1305 1352 1392 1394 versu

243 1441 289 1499 VI
316 1445 500 1522 102,que1n
532 1444 674 1503 hocloco
697 1445 746 1504 ubi
777 1465 854 1504 nunc
876 1445 984 1527 legitur
1013 1447 1144 1524 ineptum
1167 1463 1231 1504 esse
1259 1448 1392 1521 apertum

244 1557 296 1608 est.
342 1549 412 1610 Sive
443 1571 534 1630 ponas
556 1551 701 1612 excidisse
730 1553 870 1612 nonnulla
893 1557 955 1613 sive
977 1562 1150 1632 transponas
1179 1571 1294 1612 versum
1318 1570 1390 1630 quo·

246 1677 369 1738 cumque
391 1660 479 1733 velis,
512 1662 673 1722 satisfacies
696 1666 812 1722 nomini.
858 1663 935 1722 Puto
958 1683 1073 1728 versum
1095 1665 1126 1720 in
1149 1660 1264 1720 schedis
1287 1669 1392 1740 poetae

247 1766 284 1825 ab
307 1767 418 1828 editore
441 1773 577 1830 carminis
600 1771 763 1852 imperfecti
786 1780 931 1852 repertum
960 1780 989 1831 et
1011 1771 1108 1852 aliquo
1131 1771 1196 1830 loco
1219 1773 1270 1849 qui.
1293 1773 1320 1829 ei
1343 1790 1394 1848 ap-

246 1877 375 1935 tissimus
406 1881 487 1937 visus
511 1887 554 1940 est
584 1883 723 1940 insertum
747 1900 809 1940 esse
832 1900 869 1940 ne
899 1883 1015 1939 omnino
1038 1883 1159 1958 periret:
1197 1898 1313 1938 versum
1336 1898 1396 1936 non

247 1985 452 2064 interpolatum
476 2007 539 2050 esse
569 1999 697 2070 apparet.
743 1990 827 2048 Licet
856 1989 942 2048 nobis
972 1991 1102 2048 conicere
1133 2007 1190 2068 quo
1213 1987 1277 2046 loco
1309 1995 1397 2066 poeta

247 2093 325 2166 hunc
347 2113 461 2155 versum
484 2097 676 2156 collocaturus
698 2097 761 2156 fuit.
799 2098 847 2156 Et.
864 2098 903 2156 M.
922 2118 942 2154 s.
959 2119 986 2156 ν.
1011 2091 1164 2180 Εὕαρχοςτ
1189 2089 1265 2178 φασὶ
1289 2089 1322 2154 δὲ
1344 2089 1397 2159 καί

248 2199 380 2281 ποταμόν
412 2224 476 2269 τινα
507 2199 586 2286 παρά
609 2199 662 2285 τὴν
686 2201 825 2286 Σινώπην
858 2199 994 2286 Εὔαρχον
1019 2199 1075 2264 ὑπὸ
1105 2206 1162 2265 τῶν
1186 2199 1396 2286 Ἀργοναυτῶν

249 2291 530 2394 προσηγορεῦσθαι,
573 2310 629 2394 ἀφ’
668 2309 705 2373 οὖ
746 2319 862 2395 πρῶτον
894 2309 991 2390 ἔπιον,
1033 2311 1074 2382 dac
1108 2333 1197 2395 φησιν
1238 2306 1395 2394 Εὐφορίων

423 2420 442 2504 ἥ
467 2421 494 2482 οἱ
520 2417 667 2506 Κόάρχοιο
695 2418 885 2506 ρερενλεὲςὲ)
909 2417 987 2506 ἀμφὶ
1012 2419 1153 2504 ῥεέθρων.

338 2531 418 2606 Ergo
436 2530 573 2592 Valerius
597 2533 764 2592 Euarchum
798 2533 959 2613 simulque,
991 2535 1110 2612 opinor,
1133 2532 1242 2590 Taram
1276 2535 1398 2615 sumpsit

251 2659 287 2698 ex
311 2639 377 2697 aliis
399 2639 621 2718 Argonautica,
654 2663 728 2724 quae
751 2650 802 2701 aut
824 2645 886 2722 ipse
909 2641 1043 2700 adhibuit
1074 2649 1125 2700 aut
1158 2644 1188 2698 in
1211 2641 1329 2700 scholiis
1360 2639 1398 2700 ad

251 2746 441 2828 Apollonium
471 2749 561 2808 allata
590 2753 724 2830 repperit.
769 2750 816 2808 De
839 2753 896 2808 situ
918 2748 1005 2808 huius
1034 2749 1161 2808 fluminis
1191 2749 1282 2807 multa
1313 2769 1397 2808 accu-

253 2865 316 2916 rate
338 2857 423 2916 nobis
447 2857 610 2918 traduntur.
651 2859 730 2938 Epit.
746 2857 858 2938 Peripli
881 2859 1028 2938 Menippci
1055 2861 1102 2917 9s.
1149 2857 1229 2936 (inde
1252 2857 1351 2938 steph.
1365 2859 1397 2919 B.

255 2959 475 3044 Καππαδοκία)
500 2963 558 3028 ἀπὸ
582 2964 720 3050 Σινώπης
744 2964 784 3036 εἰς
802 2961 940 3048 Εὔαρχον
963 2961 1098 3048 ποταμὸν
1116 2961 1228 3026 στάδιοι
1251 2954 1291 3026 π’.
1315 2961 1400 3034 οὗτος

256 3072 271 3133 δ
288 3069 419 3154 ποταμὸς
443 3071 534 3156 ὁρίζει
552 3070 768 3156 Παφλαγονίαν
791 3069 842 3134 καὶ
864 3071 917 3156 τὴν
941 3071 1088 3158 ἐχομένην
1104 3068 1322 3136 Καππαδοκίαν
1336 3121 1359 3135 ..
1373 3121 1398 3134 ..

258 3186 306 3244 10.
331 3177 389 3243 ἀπὸ
413 3177 553 3268 Εὐάρχον
576 3185 710 3268 ποταμοῦ
735 3181 775 3254 εἰς
807 3177 966 3266 Κάρουσαν
998 3180 1110 3266 χωρίον
1141 3179 1254 3244 στάδιοι
1284 3182 1308 3243 ό.
1355 3183 1399 3244 Si·

254 3291 363 3350 militer
398 3291 493 3350 Anon.
526 3293 628 3374 peripl.
654 3295 723 3353 aas.
769 3293 845 3352 Plin.
868 3293 912 3354 VI
937 3296 985 3367 22
1010 3293 1043 3354 cf.
1068 3292 1175 3370 Geogr.
1199 3292 1250 3354 Gr.
1274 3297 1400 3354 minores

256 3399 313 3458 vol.
337 3400 386 3458 III
408 3399 482 3459 Tab.
504 3401 623 3465 XVIII.
669 3403 765 3481 Igitur
788 3422 889 3461 versus
912 3401 1097 3462 collocandus
1119 3402 1175 3460 fuit
1196 3411 1264 3480 post
1279 3402 1308 3461 V
1327 3406 1402 3478 1193

257 3516 290 3566 ut
319 3528 395 3566 nunc
426 3518 469 3567 est
500 3509 541 3567 ibi
572 3510 667 3570 locum
691 3531 749 3572 non
772 3510 869 3583 habet,
892 3528 985 3590 neque
1008 3529 1124 3570 cernere
1146 3530 1299 3588 possumus
1330 3509 1401 3590 quid

256 3615 392 3688 Valerius
414 3616 469 3676 hoc
491 3636 577 3678 versu
599 3619 731 3676 volucrit.
776 3619 823 3676 De
836 3617 972 3679 Euarcho
988 3618 1061 3676 nihil
1079 3621 1134 3678 nisi
1151 3637 1255 3678 nomen
1268 3622 1402 3680 invenire

258 3728 360 3806 potuit,
376 3726 469 3784 olores
484 3729 586 3786 niveos
600 3727 761 3788 transtulit:
776 3725 832 3786 Ov.
855 3727 913 3788 her.
940 3730 984 3802 7,1
1011 3731 1042 3788 in
1064 3727 1224 3791 Maeandro
1248 3737 1321 3789 sunt.
1356 3730 1403 3788 De

259 3836 339 3894 'Para
354 3835 472 3894 flumine
488 3836 561 3896 nihil
576 3845 690 3911 notum3
705 3836 793 3913 longe
808 3835 845 3896 ab
857 3836 992 3896 Euarcho
1008 3837 1119 3896 Taram
1131 3836 1239 3897 distare
1250 3858 1309 3896 non
1321 3845 1401 3916 puto.

345 3944 531 4021 Argonautas
561 3945 597 4009 ad
621 3949 733 4020 Sigeum
756 3944 904 4024 appulisse
926 3944 1065 4006 Valerius
1095 3965 1155 4004 non
1178 3944 1257 4024 apud
1280 3944 1403 4024 Apollo-

258 4054 337 4110 nium
361 4052 449 4128 legit3
473 4055 503 4109 in
526 4051 592 4110 aliis
607 4052 814 4129 Argonauticis
836 4049 873 4109 de
896 4071 930 4109 aa
953 4072 984 4110 re
998 4055 1180 4112 narrationes
1202 4052 1291 4112 fuisse
1315 4059 1404 4114 testes

259 4159 344 4219 nobis
367 4169 433 4218 sunt
456 4159 568 4238 Hygin.
591 4159 650 4221 fab.
676 4163 715 4220 89
740 4170 769 4219 ct
791 4156 879 4218 Diod.
903 4159 948 4219 IV
972 4163 1019 4218 ta.

309 4283 415 4396 -.η-τί.
427 4283 581 4395 ..Schwartn
601 4326 634 4382 de
653 4327 784 4396 Dionysio
803 4328 1053 4398 Scythobrachionc
1073 4345 1099 4398 p.
1111 4331 1152 4381 36.

333 4424 361 4491 2)
381 4421 415 4476 cf.
435 4421 553 4476 Hermae
565 4423 617 4476 vol.
637 4421 724 4488 xxn,
743 4437 769 4489 p.
779 4423 838 4475 50⁵³.
