3190 4956
734 239 778 301 55

185 415 318 498 Utroque
348 416 413 474 loco
436 417 547 496 patitur
577 434 676 475 versus
698 416 819 476 formam
849 421 972 476 Toretac.
1017 415 1067 476 An
1088 417 1223 479 Valerius
1256 419 1335 478 hanc,

185 524 309 584 formam
332 523 411 604 apud
442 531 590 584 auctorem
620 544 703 583 suum
734 523 886 604 repperit?
931 524 1079 584 Valerium
1112 526 1150 585 ad
1180 527 1332 586 arbitrium

186 634 307 694 formam
328 636 460 692 variasse
491 632 569 693 credi
602 654 661 692 non
683 609 795 714 potesta
829 655 897 693 nam
920 655 1024 693 causas
1055 655 1107 694 cur
1128 637 1273 694 Batarnae
1303 627 1333 694 e't

186 743 387 823 Thyrsagetas
409 743 529 802 finxerit
550 741 639 802 hodie
661 763 777 822 quoque
808 744 980 821 intellegere
1002 764 1161 824 possumus.
1210 744 1238 804 Si
1263 763 1333 803 neu·

185 859 262 911 trum
284 851 380 932 placet
402 851 586 912 statuendum
608 860 652 912 est
667 853 818 912 Valerium
841 874 956 934 prorsus
980 853 1067 913 aliam
1082 864 1198 930 gentem
1222 853 1332 929 dicere;

185 959 289 1042 quiid
312 961 385 1020 facit
406 969 518 1041 pugnat
540 981 605 1020 curn
617 961 744 1036 Valerio,
768 965 817 1040 qui
842 961 925 1022 sedes
948 962 1122 1022 Toretarum
1145 966 1215 1022 satis
1237 966 1330 1022 mani-

183 1071 258 1131 feste
275 1070 430 1148 significat.
468 1069 615 1150 Equidem
636 1080 708 1150 puto
722 1072 858 1152 Torynos
880 1080 910 1132 et
924 1072 1049 1132 Toretas
1071 1072 1193 1132 eandem
1215 1081 1332 1149 gentem

185 1200 246 1242 esse
277 1179 464 1240 considerans
487 1179 643 1240 multorum
670 1181 843 1262 populorum
871 1181 1075 1262 Scythicorum
1097 1185 1217 1241 nomina
1249 1183 1332 1240 varia

184 1290 280 1349 forma
295 1288 380 1364 tradi,
397 1283 623 1357 ιιιῬωξολανοί
637 1325 680 1334 -
693 1284 893 1351 Ῥεοιιαναλοί
904 1326 948 1335 -
959 1285 1154 1367 Ῥεοξιναλοί,
1174 1286 1331 1373 Σαρμάται

184 1393 444 1480 -Σαυρομάται
468 1431 509 1442 ·-
532 1393 693 1480 Σαρμάται,
710 1391 872 1481 Τορεγέται
895 1435 936 1443 -
960 1395 1128 1482 Τοραγέται
1153 1436 1191 1442 -
1216 1394 1331 1481 Ἱόραγ·

185 1503 277 1587 γέται,
301 1505 466 1565 Exomatae
483 1539 523 1550 -
540 1495 690 1590 Ἰξαβάται
713 1542 754 1551 -
777 1497 953 1588 ἸαΕαμάται
969 1541 1010 1552 -
1026 1498 1176 1589 Ἰξομάται
1200 1543 1241 1552 ·-
1261 1501 1333 1574 Ἰξι-

186 1611 285 1698 βάται.
326 1614 559 1674 Consentaneum
583 1623 627 1674 est
647 1616 721 1675 haec
738 1617 857 1675 nomina
872 1614 997 1676 barbara
1013 1635 1087 1696 qnae
1110 1635 1209 1676 aurem
1226 1615 1331 1676 Graeci

186 1731 215 1782 et
236 1721 364 1781 Romani
387 1719 513 1779 hominis
545 1719 662 1780 dissono
686 1723 797 1799 crepitu
821 1719 1008 1780 offendebant
1037 1721 1074 1780 ab
1097 1721 1162 1779 aliis
1185 1721 1270 1796 aliter
1291 1723 1333 1779 in·

184 1831 305 1892 tellecta
327 1840 356 1890 et
378 1833 487 1911 scripta
509 1850 578 1890 esse.
623 1831 760 1890 Fortasse
782 1831 894 1890 Valerii
918 1840 1018 1890 auctor
1039 1833 1156 1890 maioris
1179 1832 1332 1890 aestiman-

186 1941 240 2001 dus
264 1949 310 2000 est
334 1937 413 2020 quod
434 1939 528 1997 forma
543 1939 665 2018 vulgata
686 1960 743 2000 non
766 1942 862 1999 utitur.
909 1940 994 1998 Licet
1008 1943 1140 1999 conicere
1162 1939 1240 1998 unde
1261 1940 1334 2002 haec

183 2051 279 2110 forma
311 2050 452 2126 originem
483 2050 587 2127 capiat.
634 2046 721 2106 Anno
743 2069 770 2127 p.
795 2046 827 2106 Ο
852 2051 891 2107 49
916 2049 1040 2108 Romani
1063 2047 1279 2128 expeditionem
1300 2051 1333 2106 in

183 2161 251 2220 illas
283 2161 418 2236 regiones
439 2167 646 2236 susceperunt,
678 2178 765 2238 quam
787 2158 911 2216 Tacitus
934 2178 997 2216 ann.
1019 2156 1083 2217 XII
1109 2159 1192 2216 loss.
1215 2157 1332 2216 uberius

184 2266 332 2329 describit.
379 2264 527 2342 Quantum
548 2266 674 2325 tructum
696 2265 879 2345 geographia
902 2284 939 2324 ex
961 2267 1017 2325 hac
1040 2264 1226 2346 expeditione
1249 2284 1331 2345 cepe-

184 2381 223 2438 rit
246 2386 276 2438 et
299 2377 437 2436 tractanti
459 2375 513 2434 has
541 2394 587 2434 res
608 2394 696 2454 saepe
719 2384 840 2456 apparet
861 2384 890 2436 et
912 2375 1027 2434 Plinius
1050 2375 1213 2454 profitetur,
1244 2374 1289 2434 VI
1313 2377 1330 2436 3

187 2509 237 2568 nos
260 2489 404 2548 interculta
435 2490 588 2559 qenerattm
614 2490 746 2556 ponimus
768 2495 904 2558 comperta
934 2491 966 2544 ia
989 2505 1053 2544 aevo
1082 2494 1186 2556 acero,
1219 2487 1332 2558 quondo

186 2603 272 2657 οιιόοι
294 2600 407 2666 inipso
435 2614 481 2652 ora
506 2594 652 2652 Oiotmcrto
670 2603 831 2668 populatam
854 2603 897 2652 cst.
942 2593 1057 2652 Plinius
1079 2593 1151 2652 haec
1178 2591 1251 2651 dicit
1273 2612 1333 2651 non

186 2709 250 2765 sine
273 2704 490 2783 vituperatione
513 2699 639 2782 quadam
662 2701 891 2780 chorographiae
914 2701 1066 2782 Agrippae
1090 2704 1139 2782 qui
1160 2721 1262 2781 parurn
1285 2721 1332 2760 ac-

186 2821 288 2874 curate
309 2812 364 2872 has
386 2830 432 2870 res
453 2818 576 2870 tractet:
599 2819 748 2890 comparat
769 2831 834 2870 cum
857 2811 1009 2890 Agrippae
1030 2810 1243 2890 chorographia
1259 2829 1333 2890 quae

185 2942 281 3004 nuper
302 2927 416 3000 reperta
438 2921 504 2978 sint.
550 2919 686 2979 Valerius
708 2938 754 2979 res
776 2927 837 2978 tam
860 2919 998 2998 parvulas
1019 2922 1050 2978 in
1072 2919 1133 2978 illis
1164 2917 1333 2996 regionibus

185 3035 279 3106 novit,
312 3038 346 3090 ut
368 3029 526 3091 Acesinum
549 3037 577 3090 et
599 3029 705 3088 fluvios
728 3031 778 3108 qui
801 3033 832 3087 in
855 3029 954 3109 Bycen
977 3029 1110 3104 influunt,
1139 3036 1172 3087 ut
1194 3035 1334 3108 appareat

186 3159 253 3202 eum
268 3142 327 3197 ianr
341 3158 425 3198 usum
441 3157 503 3198 esee
524 3136 625 3206 fructu,
635 3155 672 3196 ex
695 3137 747 3194 illa
759 3135 947 3216 expeditione
969 3145 1064 3216 capto,
1079 3139 1097 3194 i.
1107 3155 1130 3195 e.
1148 3144 1248 3220 auctor
1271 3138 1332 3196 eius

185 3257 253 3330 post
264 3269 373 3310 annum
386 3269 414 3329 p.
428 3246 459 3306 O.
477 3250 517 3306 49
534 3246 775 3325 chorographiam
791 3266 873 3304 suam
888 3248 1068 3324 conscripsit.
1100 3245 1134 3304 of.
1152 3245 1254 3305 Ukert.
1268 3241 1332 3304 111⁸

189 3379 216 3438 p.
235 3359 285 3417 69.
331 3355 423 3416 Aliud
445 3356 641 3415 testimonium
665 3363 694 3414 et
716 3355 855 3434 Torynoe
878 3354 995 3414 eosdem
1017 3374 1079 3414 esse
1101 3375 1136 3412 ac
1158 3354 1283 3413 Toretas
1306 3362 1335 3414 et

187 3467 404 3526 accuratissime
436 3467 485 3524 eos
518 3463 555 3522 ab
589 3471 708 3522 auctore
740 3461 901 3542 descriptos
930 3462 1019 3522 fuisse
1050 3461 1083 3544 id
1113 3470 1157 3522 est
1187 3459 1264 3540 quod
1296 3460 1334 3522 de

188 3576 306 3653 egregio
329 3572 414 3634 melle
436 3573 623 3652 Torynomm
644 3571 780 3631 Valerius
807 3571 932 3651 profert;
964 3571 997 3630 cf.
1021 3572 1060 3631 K.
1084 3571 1242 3630 Neumann
1263 3571 1334 3650 (Die

188 3683 334 3744 Hellenen
365 3685 405 3739 irn
437 3678 675 3760 Skythenlande‚
710 3679 765 3738 vol.
793 3683 806 3738 1
838 3701 865 3759 p.
893 3679 943 3757 11)
975 3677 1027 3739 der
1056 3677 1176 3738 Handel
1206 3676 1334 3738 Odessas

188 3795 242 3852 mit
270 3790 382 3852 Wachs
412 3789 506 3850 erhalt
530 3790 605 3868 jetzt
636 3811 660 3848 z.
684 3788 717 3848 B.
751 3791 832 3848 seina
861 3787 1078 3866 voratiglichste
1105 3787 1250 3866 Nahrung
1282 3808 1335 3846 aus

189 3899 245 3962 den
267 3897 428 3978 Gegenden
451 3917 498 3956 am
522 3896 668 3958 mittleren
696 3895 757 3956 und
789 3895 895 3956 oberen
917 3896 1052 3974 Dnjestr,
1083 3895 1224 3956 wahrend
1247 3895 1333 3957 Gric-

190 4006 262 4066 chen
284 4003 345 4065 und
367 4003 520 4066 Gennesen
543 4001 643 4062 diesen
665 4002 824 4080 wichtigen
840 4000 1081 4062 Handelsartikel
1104 4023 1162 4060 von
1186 4001 1243 4061 den
1259 4001 1332 4060 kau-

189 4114 343 4175 hasischen
366 4112 569 4190 Bergvtilhern
599 4111 737 4189 beregen.
782 4111 907 4190 Scythas
941 4111 1000 4171 mel
1037 4120 1066 4171 et
1093 4130 1188 4170 ceram
1211 4110 1334 4172 Graecis

191 4223 391 4305 suppeditasse
414 4224 529 4302 saepius
552 4229 792 4295 commemorant,
821 4228 855 4279 ut
877 4220 980 4301 Polyb.
1004 4221 1049 4282 IV
1074 4223 1112 4280 38
1137 4215 1263 4281 οἱκατὰ
1286 4215 1334 4282 τὸν

190 4327 299 4394 Πόντον
334 4329 419 4392 τόποι
458 4376 497 4389 ..
524 4376 562 4388 ..
599 4324 671 4410 πρὸς
703 4324 736 4388 δὲ
774 4324 943 4410 περιουσίαν
983 4325 1049 4410 μέλι
1083 4323 1174 4413 κηρὸν
1214 4324 1334 4411 τάριχος

173 4438 330 4525 Διίιρῦάνιος
359 4438 430 4524 ἡμῖν
459 4439 632 4524 χορηγοῦσι.
679 4437 969 4543 cdl.Paus.I32,11.
1014 4437 1116 4500 Ukert.
1134 4431 1198 4518 111²
1221 4458 1249 4518 p.
1270 4439 1332 4498 251
