3190 4956
806 241 843 302 16

335 417 419 478 Datis
441 417 498 496 (VI
522 418 582 497 65),
604 417 710 477 nobilis
734 417 795 478 dux
819 419 982 478 Persarum.

336 524 606 610 Tucca(V1252).
647 526 757 587 Herod.
775 525 821 587 IV
839 529 900 586 110
923 522 974 596 τὰς
999 523 1031 588 δὲ
1055 524 1108 588 δύο
1132 531 1190 588 τῶν
1216 524 1391 612 βασιληίων,

249 629 305 716 τὴν
328 655 359 695 τε
383 631 515 718 μεγάλην
537 639 589 718 τῆς
611 633 687 719 ἦρχε
709 626 901 718 Ἰδάνθυρσος
923 631 974 698 καὶ
996 633 1048 718 τὴν
1070 633 1172 720 τρίτην
1202 641 1255 720 τῆς
1285 635 1392 722 ἐβασί-

253 741 341 803 λευσε
363 737 496 813 Τάξακις.

349 856 445 913 Vanus
466 853 623 932 (111116).
669 853 773 914 Partes
795 857 858 914 cius
881 855 919 913 ad
941 856 1106 936 exemplum
1121 855 1296 936 Amphiarai
1310 855 1397 916 fictae

258 979 321 1022 essa
351 961 496 1022 videntur.
540 963 643 1043 Neque
676 962 713 1022 dc
734 962 899 1023 Achaicam
930 971 997 1024 vata
1019 965 1253 1044 Bosporanorum
1284 963 1394 1043 (Strab.

252 1092 280 1151 p.
306 1073 381 1147 762)
404 1090 498 1152 nequa
521 1071 557 1131 de
579 1071 688 1132 Herod.
711 1073 756 1133 IV
782 1075 821 1132 67
846 1068 962 1155 μάντιες
986 1068 1018 1133 δὲ
1041 1069 1184 1134 Σκυθέων
1208 1069 1266 1134 alal
1288 1069 1393 1136 πολλοί

252 1174 440 1254 cogitandum
463 1195 526 1237 esse
553 1184 641 1257 puto3
672 1195 740 1235 nam
761 1175 831 1237 inde
852 1197 869 1236 a
892 1164 1052 1239 Calchanta
1074 1181 1106 1238 16
1128 1177 1261 1238 omnibns
1284 1181 1394 1240 exerci-

250 1281 328 1343 tibus
351 1304 423 1364 quas
444 1292 549 1364 poetae
572 1287 647 1364 epici
669 1283 752 1344 nobis
775 1283 950 1359 describunt,
973 1295 1070 1346 vatam
1092 1305 1155 1346 ease
1175 1295 1298 1367 oportet.
1331 1288 1395 1346 No·

247 1411 314 1453 men
338 1393 416 1454 Vani
439 1411 476 1452 cx
498 1391 583 1452 rebus
605 1391 686 1452 illius
709 1395 775 1452 aevi
797 1393 931 1480 haustum
954 1403 1005 1456 est.
1051 1391 1126 1454 Erat
1152 1403 1214 1454 tum
1236 1415 1288 1456 rex
1311 1395 1395 1456 nobi-

248 1498 378 1560 lissimus
399 1499 559 1560 Sueborum
580 1500 722 1560 Vannius.
767 1499 855 1560 Anno
877 1522 905 1580 p.
929 1500 961 1561 O.
988 1503 1025 1562 19
1049 1501 1183 1562 Vannius
1212 1504 1393 1564 aRomanis

248 1610 285 1667 iis
307 1609 537 1683 Marcomannis,
571 1611 622 1688 qui
654 1625 719 1666 cum
749 1607 931 1668 Maroboduo
962 1618 992 1670 et
1014 1609 1158 1670 Catualda
1193 1611 1389 1692 profugerant,

249 1737 302 1778 rex
335 1718 498 1799 praefectus
531 1725 592 1794 est,
622 1719 695 1780 Tac.
719 1719 841 1777 anull
865 1721 914 1779 66.
960 1717 996 1778 16
1029 1739 1151 1798 regnum
1174 1723 1216 1780 ita
1239 1720 1389 1781 conditum

246 1847 299 1909 per
320 1837 434 1909 tempus
457 1828 612 1888 admodum
633 1829 751 1908 longum
773 1827 897 1888 rimant.
942 1829 1019 1890 Plin.
1043 1830 1089 1890 IV
1113 1834 1150 1889 81
1176 1853 1195 1890 6
1218 1835 1304 1890 Maro
1326 1836 1392 1904 (sire
1425 1887 1428 1892 .

250 1940 347 1998 Dama
377 1947 415 1998 cat
448 1962 466 1997 u
488 1943 587 2000 Suebis
618 1959 757 2015 rcyaoqac
783 1941 934 1998 Vermiaao
965 1943 1098 1999 dirimere
1126 1945 1181 2012 cos)
1212 1961 1308 2000 666666
1330 1946 1389 2000 Ba·

243 2053 368 2107 caract
389 2055 481 2108 taccat
503 2053 604 2123 aliique
626 2053 692 2106 r'radc
714 2051 854 2107 Germani.
899 2046 987 2106 Anno
1009 2067 1037 2126 p.
1060 2046 1150 2107 (150
1173 2048 1308 2107 Vannius
1330 2069 1390 2108 non

243 2171 335 2234 parvo
367 2155 443 2215 bello
475 2165 577 2216 exorto
607 2177 697 2235 regno
719 2156 820 2236 pulsus
842 2165 901 2230 est,
935 2157 1007 2214 Tac.
1031 2177 1098 2218 ann.
1122 2157 1187 2216 XII
1212 2160 1250 2217 29
1274 2179 1296 2216 s.
1341 2157 1388 2215 Dc

245 2261 300 2320 hoc
322 2280 411 2339 regno
434 2263 557 2322 Tacitus
585 2263 657 2322 haec
689 2262 779 2322 verba
809 2261 895 2320 facit:
926 2265 1003 2321 Nam
1035 2269 1073 2322 ris
1101 2269 1266 2336 incurrerat,
1297 2265 1385 2336 aaa

246 2377 370 2446 uberque
390 2382 497 2446 966666,
530 2377 730 2445 adventabant,
763 2379 843 2445 fautu
865 2377 931 2432 ditis
953 2377 1049 2446 rapui,
1080 2378 1152 2447 quod
1180 2375 1307 2432 Vurmr'as
1335 2377 1385 2431 trt-

246 2487 327 2556 9r'rrta
354 2501 407 2556 per
440 2503 528 2542 anuos
545 2487 777 2556 praedationibus
799 2492 824 2541 ct
856 2487 1029 2558 ccctiyultbrrs
1059 2493 1185 2546 cucerat.
1232 2481 1306 2541 Inde
1339 2501 1387 2560 ap·

248 2599 331 2672 paret
362 2591 419 2652 hoc
449 2612 570 2670 regnum
596 2591 752 2651 admodum
773 2601 875 2650 notum
903 2591 999 2650 fuisse.
1044 2589 1166 2650 Pulsum
1188 2591 1314 2648 Romani
1345 2608 1389 2649 rc·

248 2710 400 2782 ceperunt,
430 2701 570 2783 sedesque
602 2709 628 2763 ei
661 2711 690 2763 et
712 2701 867 2762 clientibus
889 2704 921 2759 in
943 2702 1097 2760 Pannonia
1120 2699 1270 2760 dederunt.
1317 2699 1390 2758 Filii

249 2813 355 2870 sororis
377 2814 439 2871 eius
472 2815 503 2870 in
525 2812 602 2872 bello
631 2812 713 2872 civili
735 2833 787 2891 pro
810 2811 990 2890 Vespasiano
1017 2809 1196 2890 pugnabant,
1227 2809 1297 2868 Tac.
1321 2809 1389 2868 hist.

253 2919 303 2978 111
328 2922 353 2980 6.
379 2923 428 2996 21,
461 2943 518 3001 qua
546 2924 698 2981 occasione
720 2923 859 2980 memoria
881 2922 959 2998 regis
976 2917 1084 2978 Vannii
1109 2922 1139 2976 in
1163 2917 1308 2978 mentibus
1330 2918 1391 2976 Ro-

252 3043 403 3084 manorum
432 3027 631 3104 redintegrata
658 3035 709 3084 est.
755 3025 848 3100 Quem
870 3025 1020 3084 Vannium
1043 3025 1170 3098 Valerio,
1205 3026 1254 3103 qui
1277 3023 1390 3082 brevis·

249 3139 321 3197 simo
345 3146 474 3218 tempore
496 3144 562 3216 post
584 3133 639 3194 hoc
661 3133 769 3194 bellum
791 3153 906 3193 carmen
928 3153 1011 3192 suum
1025 3134 1206 3212 Vespasiano
1233 3129 1391 3206 dedicavit,

252 3255 320 3307 ante
343 3247 443 3307 oculos
465 3255 611 3306 versatum
634 3263 776 3304 essenon
799 3246 903 3302 mirum
926 3251 976 3304 est.

594 3428 612 3488 f.
636 3429 756 3488 nomina
777 3427 897 3507 propria
919 3423 1039 3486 Graeca.

332 3593 495 3651 Ambrosius
517 3585 578 3668 (III
604 3589 687 3665 138).
722 3591 861 3647 06666666
882 3583 945 3665 (111
970 3583 1051 3662 178).
1086 3585 1194 3661 Cyrrus
1216 3581 1277 3663 (III
1304 3582 1383 3663 192).

244 3699 371 3760 Dorceus
393 3699 454 3778 (ΠΙ
480 3697 562 3776 159).
608 3700 733 3774 cerasus
755 3695 804 3754 ΙΠ
829 3697 900 3754 114.
948 3690 1087 3752 Crederes
1122 3690 1273 3772 Genysum
1303 3691 1390 3772 Gyri-

243 3825 345 3869 cenum
368 3807 547 3888 appellatum
569 3823 631 3866 esse
654 3825 671 3862 a
694 3801 811 3864 Genuso
833 3802 922 3862 fluvio
945 3801 1075 3882 Illyriae,
1098 3801 1149 3880 qui
1171 3803 1248 3860 inter
1263 3799 1386 3878 Apollo·

241 3917 321 3976 niam
339 3923 368 3977 at
383 3914 601 3996 Dyrrhachium
615 3915 647 3972 16
668 3931 748 3972 mara
770 3930 801 3972 66
822 3912 936 3991 proicit.
982 3909 1194 3990 Cyzicenorum
1216 3915 1313 3967 autem
1335 3925 1386 3966 nc·

242 4029 330 4102 mina,
364 4027 433 4106 quia
456 4045 555 4086 eorum
576 4021 645 4083 urbs
666 4021 774 4082 fabulis
798 4019 906 4080 nobilis
927 4027 997 4093 erat,
1020 4018 1058 4076 ab
1080 4017 1201 4096 rellquis
1222 4016 1388 4096 separanda

243 4145 310 4196 sunt
329 4139 484 4216 omniaque
507 4142 557 4194 aut
579 4131 739 4193 domestica
762 4139 813 4191 aut
835 4137 911 4190 certe
933 4127 1048 4188 Graeca
1069 4125 1207 4185 videntur
1229 4145 1299 4186 esse.

332 4248 431 4322 nuper
451 4243 514 4325 (ΠΙ
539 4242 621 4321 191).
666 4237 763 4302 Valde
786 4259 881 4300 errare
903 4245 972 4317 puto
995 4233 1033 4296 de
1047 4233 1151 4296 Vitum
1173 4233 1319 4295 dicentem
1336 4233 1391 4294 hoc

245 4374 351 4417 nomen
374 4357 506 4414 asianum
529 4371 606 4428 esse;
638 4359 784 4432 permotus
811 4356 855 4410 est
883 4347 972 4407 fratre
994 4345 1064 4405 Pori
1096 4346 1173 4423 regis
1195 4343 1282 4423 Hage
1306 4341 1391 4426 (ena

246 4467 306 4526 tius
328 4464 407 4528 VIII
432 4467 480 4542 14,
505 4460 545 4544 2),
569 4461 628 4544 qui,
658 4467 692 4522 ut
713 4462 753 4521 sit
774 4458 934 4538 genuinum
955 4471 1070 4522 nomen,
1091 4453 1148 4513 hoc
1170 4453 1243 4514 loco.
1258 4453 1392 4512 66616166-
