3190 4956
717 207 759 274 65

163 383 231 444 nius
255 389 357 448 auctor
379 390 431 448 est.
476 382 519 444 At
541 386 651 444 erravit
672 383 796 444 Plinius.
840 383 1010 465 Descriptio
1036 405 1123 464 quam
1144 385 1208 466 ipse
1230 382 1315 456 addit

163 491 275 571 probat
297 492 373 555 hunc
395 493 546 572 Hypanim
561 489 584 572 1)
609 514 669 557 non
691 493 781 554 Plinii
810 512 906 557 errore
933 501 1034 554 netum
1067 513 1146 562 esse:
1182 499 1314 571 Hypereia

161 621 217 674 per
240 604 388 662 Nomadas
409 612 435 661 el
458 607 578 680 leaeos
599 608 663 676 fluit
685 625 772 662 mooe
794 609 869 676 farto
892 609 964 663 alveo
993 610 1025 664 iae
1047 608 1156 680 Rufio,
1187 610 1315 666 poterell

164 713 198 770 le
223 710 361 768 Garatom.
407 709 479 770 Jcm
502 709 615 770 duobus
637 711 696 770 illis
717 711 815 770 fluviis
838 715 900 771 eius
921 715 1047 780 nominis
1070 715 1142 772 satis
1172 715 1316 772 evincitur

163 812 322 893 Hypanim
353 817 492 876 usitatum
522 835 627 876 nomen
649 816 818 895 Scythicum
840 817 995 879 fluviorum
1016 818 1114 878 fuisse.
1160 817 1247 876 Hanc
1266 835 1316 876 ve-

162 943 227 982 ram
253 921 480 1004 descriptionem
502 945 582 986 error
603 928 748 1006 sequitur:
772 933 847 1001 reple
864 930 991 1004 Septha'oe
1004 930 1120 987 Sindica
1142 933 1315 986 nominator.

163 1028 225 1088 Hic
247 1029 367 1090 Plinius
401 1049 466 1090 eum
489 1031 640 1111 Hypanim
665 1034 714 1112 qui
736 1035 768 1093 in
787 1032 911 1108 *Sindica
932 1052 1025 1113 paene
1056 1031 1154 1092 insula
1187 1035 1218 1092 in
1242 1033 1313 1092 Bos-

163 1159 271 1218 porum
310 1137 497 1202 cimmerium
530 1161 564 1202 se
598 1143 720 1220 proicit,
753 1140 911 1212 ¹eonfimdit
945 1163 1012 1205 cum
1042 1161 1077 1204 eo
1108 1160 1195 1221 quem
1228 1140 1314 1202 modo

167 1245 334 1326 descripsit

252 1355 324 1416 Non
345 1354 447 1417 dubito
470 1359 540 1436 quin
561 1357 674 1418 incolae
690 1358 869 1420 coloniarum
886 1359 1065 1422 caecarum
1087 1361 1196 1420 circum
1217 1359 1314 1418 iacen-

163 1465 239 1524 tium
256 1463 360 1542 Bycen
374 1465 472 1524 lacum
486 1464 555 1532 inde
569 1465 607 1526 ab
623 1469 752 1547 antiquis
767 1468 947 1548 temporibus
968 1471 1119 1543 noverint.;
1143 1466 1195 1528 sed
1217 1465 1255 1526 de
1276 1469 1313 1528 iis

161 1571 309 1634 utendum
330 1579 375 1632 est
397 1569 550 1632 Strabonis
572 1575 726 1646 sententia,
749 1595 776 1654 p.
791 1577 852 1634 686
878 1570 959 1640 οὖτοι
982 1565 1129 1636 δ’ἰδιῶται
1151 1569 1202 1636 καὶ
1226 1568 1310 1636 οὐδὲν

164 1676 237 1763 πρὸς
265 1675 394 1762 ἱστορίαν
417 1688 474 1742 τῶν
496 1677 594 1740 τόπων
618 1679 770 1763 χρήσιμοι.
817 1683 879 1744 Diu
900 1683 975 1742 nihil
1001 1687 1034 1744 in
1062 1682 1146 1746 libris
1175 1681 1212 1742 de
1234 1683 1316 1762 Byce

164 1788 233 1848 lacu
256 1788 476 1869 reperiebatur3
499 1791 611 1869 primus
634 1789 739 1848 Strabo
763 1809 829 1850 eum
851 1794 936 1850 novit
958 1799 988 1852 et
1009 1798 1144 1852 acctuate
1166 1789 1313 1864 describit,

164 1896 304 1975 p.'308‚
337 1895 439 1960 eodem
462 1899 579 1956 nomine
608 1917 676 1956 usus
704 1917 762 1976 quo
791 1897 888 1956 adbuc
917 1905 1055 1970 vocatur,
1089 1893 1188 1980 oaupd
1221 1895 1319 1979 λίμνη.

166 2007 287 2066 'Pamen
311 2023 407 2084 neque
429 2003 586 2063 fluviorum
608 2007 638 2062 in
664 2023 729 2064 eum
762 2005 944 2064 influentium
970 2005 1063 2064 ullum
1094 2007 1192 2080 novit,
1225 2025 1319 2086 neque

165 2135 274 2175 nomen
292 2119 387 2192 Bpees,
411 2111 491 2192 quod
513 2115 636 2192 primum
659 2113 738 2194 apud
761 2114 870 2173 Melam
892 2114 1008 2192 legitur.
1053 2114 1121 2173 Hae
1143 2133 1190 2172 res
1212 2117 1319 2174 sensim

166 2226 369 2282 innotuerunt.
415 2221 512 2295 Mela,
545 2223 595 2300 qui
628 2221 735 2280 librum
768 2242 851 2280 suum
881 2222 968 2301 paulo
1002 2231 1068 2302 post
1090 2243 1115 2281 a.
1139 2224 1180 2281 40
1203 2231 1254 2281 aut
1278 2225 1320 2281 44

166 2332 271 2407 edidit,
296 2331 452 2390 fluviorum
477 2333 526 2409 qui
548 2333 579 2388 in
602 2350 668 2390 eum
691 2331 816 2390 influunt
837 2353 926 2390 unum
942 2333 1051 2396 Bucem
1066 2333 1157 2390 novit.
1202 2331 1318 2411 Reliqui

167 2445 262 2520 igitur
284 2441 370 2499 fluvii
394 2461 411 2498 a
432 2441 514 2518 Byce
535 2439 602 2498 lacu
624 2443 734 2520 recepti
757 2449 824 2520 post
845 2441 954 2500 Melam
983 2443 1171 2500 innotuerunt
1201 2439 1320 2519 expedi·

167 2552 249 2609 tione
272 2547 326 2606 illa
349 2567 425 2606 anno
449 2550 490 2606 49
515 2555 657 2626 suscepta.
703 2547 820 2606 Plinius
842 2556 871 2607 et
892 2547 1029 2606 Valerius
1056 2547 1137 2606 bunc
1165 2547 1274 2619 laeum
1292 2556 1322 2607 et

168 2655 276 2716 fluvios
307 2656 344 2714 ab
367 2675 401 2714 eo
422 2664 556 2734 receptos
578 2631 701 2730 norunt,
733 2649 755 2715 i.'
777 2675 800 2714 e.
826 2663 960 2732 auctores
992 2675 1090 2715 eorum
1117 2664 1184 2734 post
1214 2677 1321 2715 annum

171 2767 212 2824 49
237 2765 426 2844 seripserunt.

259 2874 405 2930 Coelaletae
427 2865 486 2953 (VI
509 2871 571 2949 81).
617 2870 786 2930 Certissima
802 2869 939 2930 'Philonis
962 2865 1126 2928 emendatio
1149 2877 1199 2930 est.
1246 2868 1318 2932 (loe-

93 2999 96 3004 ·
170 2979 280 3040 laletae
302 2999 362 3037 non
385 2986 453 3037 ante
481 2981 606 3058 primum
638 3000 665 3058 p.
689 2977 754 3038 chr.
788 2978 935 3039 saeculum
966 2987 1241 3055 commemorantum
1273 2981 1321 3040 hic

172 3107 289 3168 quoque
312 3094 433 3165 apparet
454 3087 568 3146 Valerii
590 3095 739 3146 auctorem
762 3086 901 3146 Sallustio
923 3087 1113 3146 recentiorem
1136 3105 1204 3146 esse.
1245 3087 1318 3146 Tac.

173 3217 240 3256 ann.
255 3196 306 3254 III
323 3197 363 3254 38
386 3217 453 3254 eam
470 3200 590 3255 lbraee'a
613 3242 701 3258 .....
726 3202 828 3256 discors
844 3201 943 3270 apebat
944 3241 1033 3254 .....
1061 3197 1207 3254 Coelaletae
1233 3201 1322 3274 Odry-

173 3324 275 3380 saepae
297 3313 323 3362 et
346 3307 407 3377 Dii,
430 3307 537 3363 caldae
558 3309 692 3377 rationes,
716 3324 798 3361 arma
820 3321 919 3374 cepere,
949 3305 1064 3360 duellas
1086 3305 1199 3361 diversis
1221 3313 1246 3360 el
1263 3325 1318 3376 pa-

174 3416 253 3470 ribus
276 3417 348 3470 luter
370 3432 398 3470 se
416 3431 468 3484 per·
490 3415 707 3486 demulceam
730 3431 801 3484 qaae
823 3429 909 3468 caesa
929 3414 995 3481 feeit,
1016 3428 1051 3465 oe
1072 3412 1105 3466 e'a
1127 3413 1224 3466 bellem
1241 3411 1320 3467 atreo

174 3525 357 3578 molescereat.
404 3523 478 3579 Pars
493 3525 610 3579 turbaret
627 3525 797 3593 praeseutia,
821 3523 873 3576 alil
887 3527 1003 3576 montem
1020 3520 1159 3576 Haemona
1181 3527 1322 3591 transpec-

176 3633 312 3702 de'ontar,
343 3639 375 3688 at
396 3639 513 3689 remotos
530 3634 647 3704 papales
668 3635 822 3702 aaaron
848 3611 968 3702 portel
990 3649 1023 3686 aa
1044 3632 1163 3686 maolme
1182 3632 1322 3700 composite·

176 3757 267 3812 repam
288 3743 437 3816 urbemque
461 3743 688 3814 Philippopolim,
720 3760 739 3796 a
761 3741 912 3796 Macedone
935 3741 1065 3812 Plelllppo
1085 3715 1185 3808 silom
1208 3743 1322 3796 arcem·

254 4047 279 4116 1)
294 4045 405 4117 ΔΝοιιιιιιι
425 4062 519 4110 errore
538 4063 571 4102 ex
590 4063 621 4102 eo
641 4047 751 4118 Hypani
771 4046 936 4104 translatum
962 4060 1023 4105 esse
1049 4060 1128 4114 quem
1147 4045 1207 4116 Bug
1232 4045 1327 4118 appel·

181 4137 267 4194 lamus
287 4145 367 4196 extra
386 4139 585 4194 dubitationem
604 4141 724 4208 positum
743 4146 799 4210 est;
826 4139 941 4194 similem
965 4155 1022 4194 rem
1049 4155 1070 4194 s.
1091 4157 1114 4194 v.
1134 4138 1256 4193 Gerrhus
1281 4152 1326 4194 ex-

183 4233 268 4300 posui.
306 4235 455 4287 Auctorem
474 4232 577 4286 erroris
596 4248 651 4285 non
670 4232 788 4286 Plinium
808 4247 868 4288 esse
887 4231 950 4288 inde
969 4231 1098 4285 discimus
1119 4230 1191 4303 quod
1217 4236 1245 4285 et
1263 4231 1327 4300 Pto·

182 4320 299 4380 lenaeus
321 4339 382 4378 eum
403 4323 559 4393 Hypanium
579 4339 658 4391 quem
677 4323 737 4390 Bug
765 4323 936 4392 appellamus
962 4336 1013 4390 per
1038 4337 1160 4375 errorem
1185 4321 1258 4376 inter
1276 4321 1329 4380 Bo·

181 4413 335 4482 rysthenem
357 4417 384 4466 et
404 4411 571 4468 Maeotidem
589 4412 675 4482 ponit.

981 4479 989 4483 ’
1075 4472 1093 4570 ι
