3190 4956
790 205 831 266 77

207 385 364 466 exposuit
410 381 534 464 Saepius
555 390 819 443 commemorantur
840 391 870 441 et
892 381 972 461 opud
994 382 1141 462 pedestres
1162 379 1318 460 scriptores
1336 383 1367 440 ct

210 492 298 572 apud
335 501 454 572 poetas3
492 491 570 550 addo
606 490 680 548 locis
716 511 735 547 a
767 491 908 568 Langeno
943 489 1043 550 allatis
1076 489 1208 568 Propert
1231 487 1275 546 IV
1299 489 1328 560 3,
1343 513 1366 553 s.

207 600 327 660 Aviem
350 604 412 660 346
466 601 540 658 Rev.
562 599 608 658 IV
641 602 667 658 2.
712 598 821 658 Dicuil.
847 601 876 659 7.
921 597 980 658 Sol.
1003 600 1053 656 82.
1106 597 1193 656 biart
1226 593 1298 674 Gap
1319 594 1366 654 VI

211 711 291 768 663.
339 707 439 787 Steph
463 708 534 786 Byr.
558 707 654 764 Anon.
677 705 780 784 peripl.
803 707 853 764 49.
899 702 983 777 Quae
1006 704 1142 764 Valerius
1169 701 1207 764 de
1235 705 1279 762 eis
1299 723 1366 762 nar·

210 820 300 875 ravit
322 817 430 875 lacuna
452 816 622 895 absumpsit

309 929 436 999 Ophiusa
464 925 522 1003 (VI
546 924 607 999 85).
652 923 742 982 Recte
773 921 909 982 Valerius
937 920 1100 1001 Ophiusam
1133 919 1275 1000 oppidum
1307 941 1367 980 nnn

209 1053 283 1092 curn
308 1034 394 1112 Tyra
414 1033 505 1092 fluvio
529 1031 638 1106 laudnt,
662 1051 729 1090 nam
752 1039 782 1089 et
802 1030 909 1110 reliqui
934 1033 1091 1108 scriptume
1110 1039 1230 1088 nunant
1254 1029 1367 1108 Ophiu·

209 1159 280 1198 snm
316 1139 356 1198 nd
377 1141 491 1219 'Pyram
521 1143 607 1198 sitam
640 1159 710 1199 esse.
756 1137 865 1198 Omnes
896 1142 1032 1198 norimus
1064 1137 1104 1196 nd
1132 1141 1239 1198 ostium
1266 1139 1367 1218 'Iprne

209 1245 304 1305 lluvii
326 1248 472 1306 coloniam
492 1246 637 1306 Graecam
660 1247 773 1326 Tyrum
794 1245 890 1306 fuisse
935 1246 1048 1325 Tyrum
1071 1255 1101 1306 et
1116 1243 1277 1324 Ophiusnm
1295 1266 1365 1306 ean·

209 1354 285 1415 dem
307 1356 411 1415 urbem
432 1355 522 1414 finisse
543 1355 595 1414 alii
618 1357 773 1433 scriptores
790 1353 916 1426 hadent,
938 1353 1013 1412 duos
1026 1354 1085 1414 alii
1125 1353 1200 1412 Ptol.
1213 1353 1262 1412 111
1280 1357 1364 1428 lost·

211 1462 293 1523 dues
314 1464 405 1523 fnisse
427 1473 533 1522 nan-at.
579 1462 658 1541 Scyl.
683 1466 724 1522 68
749 1457 823 1542 μετὰ
846 1458 880 1522 δὲ
902 1457 1023 1545 Θρᾴκην
1046 1457 1104 1522 εἰνὶ
1127 1458 1244 1522 Σκύθαι
1274 1457 1362 1530 ἔθνος

212 1567 267 1632 καὶ
293 1570 395 1640 πόλεις
417 1569 449 1630 ἐν
472 1567 573 1638 αὐτοῖς
592 1564 768 1651 Ἑλληνίδες
797 1565 882 1628 albe·
921 1563 1008 1650 Τύρις
1035 1568 1179 1651 ποταμός,
1213 1566 1360 1631 Νικώνινν

211 1677 312 1752 πόλις,
335 1675 485 1760 'Ouranion
519 1676 613 1746 πόλις.
659 1675 766 1739 Strabo
795 1699 823 1756 p.
848 1679 910 1735 306
945 1674 1162 1740 &ranleicorte
1197 1671 1230 1736 δὲ
1260 1671 1365 1738 ἑκατὸν

210 1783 434 1870 τετταράκοντα
458 1784 595 1854 σταδίους
617 1785 665 1868 ἐφ’
688 1783 815 1866 ἑκάτερα
837 1782 930 1853 πόλις.
954 1784 974 1866 ἡ
1004 1781 1057 1866 μὲν
1090 1781 1232 1858 ΝιννιννίνἸ
1263 1785 1283 1867 ἡ
1308 1783 1350 1846 δ’ἐ

213 1893 360 1978 ἀριστερᾷ
393 1889 572 1977 ’Opinione
619 1893 751 1952 Eandem
786 1913 849 1952 esse
885 1893 987 1952 dicunt
1019 1896 1107 1952 ctiam
1141 1892 1240 1971 Steph.
1271 1893 1364 1971 Byu:

213 1999 328 2086 Τύρας,
365 2001 449 2072 πόλις
484 1997 535 2063 καὶ
565 1997 698 2082 ποταμὸς
729 1999 828 2084 ἐντῷ
852 1996 982 2083 Εὐξείνῳ
1006 1995 1111 2084 Πόντῳ
1135 2047 1142 2062 .
1167 2049 1174 2062 .
1199 2047 1206 2060 .
1230 1997 1365 2061 ἐκαλεῖτο

215 2111 243 2172 δ’
279 2107 456 2194 Ὀφιοῦοσα.
502 2111 579 2170 Plin.
602 2111 644 2168 IV
670 2113 729 2169 82:
765 2115 857 2168 ἀαννιε
889 2115 981 2170 amnis
1010 2113 1101 2186 Tyra,
1134 2113 1237 2182 oppido
1266 2130 1366 2168 aoruca

215 2225 365 2294 imponens
385 2224 435 2278 nbi
458 2230 541 2278 antea
566 2223 691 2292 Oplnasa
713 2223 865 2278 dicebatur.
911 2217 1001 2298 Apud
1024 2218 1133 2277 Melam
1156 2217 1188 2276 Π
1214 2223 1228 2276 l
1259 2237 1365 2278 nomen

214 2325 370 2407 Ophiusae
392 2347 451 2386 non
473 2327 588 2404 legitur.
637 2324 719 2402 Quae
741 2326 852 2385 Valerii
876 2324 913 2385 de
938 2324 1072 2406 Ophiusa
1104 2328 1249 2386 sententia
1278 2325 1366 2385 fuerit

214 2455 279 2494 non
307 2443 446 2513 apparet,
476 2443 573 2494 tamen
602 2437 665 2493 veri
693 2433 789 2493 simile
817 2441 861 2492 est
892 2453 958 2493 eum
981 2455 1045 2492 cum
1068 2433 1165 2494 Plinio
1194 2439 1365 2497 consentire

221 2541 270 2602 Of.
293 2543 448 2601 Neumann
472 2543 487 2600 Ι
509 2563 536 2622 p.
562 2545 632 2602 357.
679 2539 767 2614 Quod
789 2541 826 2602 de
848 2541 955 2619 gelidis
986 2546 1107 2602 venenis
1128 2543 1278 2623 Ophiusae
1300 2566 1367 2604 nar

214 2660 266 2710 rat
286 2654 349 2730 ipse
371 2651 458 2710 finxit
480 2671 517 2710 ex
539 2653 656 2710 nomine
678 2649 779 2730 oppidi
802 2650 839 2709 nb
862 2646 929 2731 ὄφις
952 2649 1050 2712 ducto.

307 2765 421 2818 Pontus.
458 2760 507 2818 Do
522 2759 610 2818 Ponti
633 2761 717 2838 aquis
739 2757 957 2818 abundantibus
973 2758 1007 2817 of.
1030 2779 1052 2817 s.
1065 2779 1091 2818 v.
1108 2759 1233 2819 Maeotis
1248 2759 1288 2840 (p.
1302 2762 1363 2840 75).

215 2865 293 2924 Item
310 2865 540 2945 chorographiae
553 2864 677 2926 debetur
688 2869 866 2945 comparatio
883 2866 970 2925 Ponti
989 2887 1053 2924 cnm
1069 2866 1208 2946 Scythico
1224 2889 1303 2943 aroer,
1318 2869 1362 2928 IV

217 2977 292 3032 728.
338 2973 487 3053 Imprimis
502 2973 557 3033 hec
572 2993 604 3033 re
618 2982 746 3048 utuntur,
760 2983 794 3033 ut
808 2973 1006 3034 demonstrent
1022 2975 1153 3035 Sallustii
1168 2978 1257 3036 situm
1276 2977 1362 3036 Ponti

216 3102 235 3140 a
258 3081 379 3140 Valerio
402 3092 570 3161 excerptum
593 3103 663 3156 esse,
686 3083 721 3141 ot.
746 3083 887 3143 Mtillenh.
901 3084 950 3142 ΙΙΙ
972 3105 998 3163 p.
1016 3086 1062 3144 75.
1109 3084 1362 3160 Maurenbreoher‚

217 3189 341 3256 Sallusti
363 3189 502 3248 historiae
525 3211 551 3268 p.
578 3191 646 3248 135.
685 3190 761 3247 Tam
784 3188 871 3248 facile
894 3209 940 3248 res
963 3210 1022 3248 non
1045 3194 1222 3268 transigitur.
1270 3192 1365 3253 Sallu-

219 3301 309 3358 stium
343 3298 399 3357 hac
432 3301 648 3378 comparatione
680 3319 763 3358 nsum
799 3317 862 3358 esse
892 3300 975 3357 testis
1007 3298 1090 3358 nobis
1118 3309 1161 3358 est
1184 3300 1304 3360 Servius
1327 3301 1366 3360 ad

217 3407 291 3467 Aen.
315 3407 365 3465 ΠΙ
390 3409 468 3482 533;
502 3415 599 3466 tamen
622 3405 776 3466 Sallustius
804 3427 898 3486 neque
928 3409 1038 3486 primus
1059 3427 1154 3487 neque
1177 3409 1255 3468 solus
1276 3409 1364 3470 Ponti

217 3514 342 3592 figuram
365 3535 431 3573 cum
454 3513 594 3593 Scythico
617 3535 687 3572 arou
710 3517 898 3594 comparavit.
944 3513 1160 3574 Gardthausen.
1206 3515 1276 3592 (Die
1296 3535 1365 3594 geo-

218 3621 414 3702 graphischen
438 3618 562 3694 Quellen
586 3621 748 3696 Ammiano,
779 3621 883 3681 Jahrb.
907 3621 953 3680 fiir
977 3621 1053 3680 Phil.
1076 3643 1102 3680 u.
1127 3621 1238 3702 Ptidag.
1262 3624 1364 3706 Suppl.

222 3735 249 3806 6,
272 3753 299 3810 p.
327 3731 402 3809 510)
425 3729 543 3788 uberius
566 3732 701 3808 exposuit
723 3728 949 3788 Eratosthenem
971 3739 1119 3789 auctorem
1141 3730 1228 3790 huius
1250 3703 1388 3812 compa-l

217 3843 340 3902 rationis
374 3859 444 3900 esse.
490 3837 565 3898 Inde
593 3838 630 3898 ab
653 3838 849 3898 Eratosthene
879 3841 910 3897 in
940 3858 1039 3898 omnes
1071 3838 1133 3900 lere
1155 3839 1365 3920 descriptiones

217 3949 305 4009 Ponti
330 3957 447 4029 recepta
470 3956 529 4007 est:
553 3945 631 4006 addo
654 3946 725 4006 locis
748 3969 766 4006 a
788 3947 928 4025 Langeno
952 3947 1067 4008 allatis:
1091 3949 1181 4010 schol.
1205 3957 1242 4010 et.
1262 3950 1365 4010 Eusth.

217 4053 257 4135 ad
288 4055 376 4115 Dion.
402 4054 468 4114 Per.
496 4055 567 4114 158.
615 4052 712 4112 Anon.
736 4073 835 4132 geogr.
860 4074 921 4134 cap.
948 4056 986 4114 53
1022 4051 1142 4136 (Geogr.
1166 4053 1217 4114 Gr.
1241 4058 1310 4116 min.
1334 4056 1367 4114 ΙΙ

219 4165 303 4238 509).
350 4162 424 4222 Cum
448 4164 535 4222 etiam
560 4161 667 4222 Strabo
689 4183 716 4241 p.
744 4165 803 4222 125
828 4163 884 4222 hac
907 4167 1123 4243 comparatione
1145 4172 1251 4238 utatur,
1280 4185 1365 4244 quem

217 4290 234 4337 c
265 4271 403 4332 Sallustio
438 4271 571 4332 hausisse
592 4290 687 4350 ,nemo
712 4271 878 4346 contendit,
911 4271 1022 4332 addens
1053 4274 1112 4332 iam
1144 4272 1305 4352 complures
1334 4272 1365 4332 id

216 4381 318 4442 fecisse
341 4375 506 4459 (εἰκάζουσι
531 4377 564 4440 δέ
587 4401 677 4456 τινες,
714 4381 820 4462 quibus
846 4381 944 4442 verbis
967 4381 1095 4442 Graecos
1123 4381 1283 4460 significari
1313 4403 1365 4466 ap-
