3190 4956
755 272 794 331 57

202 451 282 512 hunc
304 458 430 510 montem
451 470 510 508 nou
532 449 634 528 procul
663 448 701 507 ab
733 443 807 506 ostio
830 447 931 526 Tyrae
963 445 1090 504 fluminis
1119 463 1196 518 esse,
1227 451 1260 502 ut
1291 443 1349 501 iam

202 561 362 638 Langenus
384 567 462 619 reete
484 555 569 617 vidit.
615 557 753 616 Fortasse
776 577 842 616 eum
864 555 919 615 hoc
945 563 1044 615 monte
1072 552 1275 631 coniungenda
1308 561 1352 612 est

202 668 273 728 urbs
296 667 446 742 Ambena3
471 665 579 727 Suidas
596 661 736 750 Ἄμβενα,
761 661 856 746 ὄνομα
878 663 1013 740 πόλεως
1036 663 1073 724 de
1095 665 1182 725 huius
1198 663 1278 722 urbis
1293 664 1352 722 situ

203 776 281 837 nihil
304 779 485 856 accepimus,
518 796 583 835 eum
605 776 669 836 fieri
691 796 750 834 non
772 777 884 855 possit,
917 783 951 834 ut
981 773 1082 835 eadem
1112 778 1151 835 sit
1172 781 1261 854 atque
1282 771 1351 832 urbs

202 884 326 944 Africae
347 877 477 966 Ἀβέννα
500 883 616 963 (Eusth.
640 883 678 942 ad
702 883 787 942 Dion.
810 883 877 944 Per.
902 882 962 962 64).

291 998 433 1064 Ambenus
455 993 558 1074 Scytes
582 993 640 1072 (Vl
665 993 739 1067 251)
763 1014 780 1051 a
804 1000 902 1052 monte
924 1010 1030 1051 nomen
1052 993 1172 1070 accepit.

293 1107 419 1160 Aaaasr’s
441 1099 570 1180 Scythae
592 1097 650 1181 (VI
674 1100 727 1178 43)
750 1118 875 1174 nomen,
908 1097 985 1179 quod
1014 1098 1100 1158 aliter
1123 1096 1272 1176 explicare
1294 1116 1353 1154 nou

204 1229 341 1288 possum,
375 1216 520 1295 sumptum
553 1227 616 1268 esse
643 1217 714 1288 puto
744 1207 781 1267 ab
804 1209 969 1267 Anasorum
991 1208 1088 1284 gentis
1111 1205 1241 1276 nomine;
1275 1201 1351 1260 Plin.

204 1317 250 1376 VI
276 1319 316 1374 22
341 1321 456 1375 Taaaia
477 1336 538 1374 aero
569 1321 700 1375 transisse
722 1319 883 1375 Satarcheoa
906 1317 1064 1373 Hartiebeos
1085 1313 1259 1385 opacatas
1281 1310 1352 1383 uyn-

207 1429 296 1484 la'etas
320 1429 429 1484 Aaasos
452 1429 523 1484 Issos
548 1425 689 1484 Cataeetae
712 1431 765 1483 ete.
810 1423 890 1482 Fieri
913 1429 1015 1502 potest,
1049 1428 1082 1498 ut
1104 1419 1182 1502 apud
1205 1426 1352 1480 auctorem
1375 1399 1377 1406 Ι

208 1531 322 1591 Valerii
347 1534 486 1612 scriptum
509 1531 596 1591 fuerit
619 1532 740 1591 Anausi.

293 1645 396 1698 Artace
412 1639 469 1717 (VI
487 1639 570 1718 638).
603 1639 747 1698 DeVitus
762 1643 973 1699 nominativum
985 1645 1061 1700 Aria
1076 1658 1138 1700 esse
1152 1637 1250 1698 dicens
1273 1637 1355 1697 ducit

205 1748 261 1806 hoc
277 1768 384 1805 nomen
400 1768 418 1804 a
433 1747 544 1806 Punico
560 1749 675 1806 nomine
691 1753 766 1806 Aria
783 1749 860 1824 (Liv.
879 1747 992 1825 26,4a);
1008 1751 1096 1808 etiam
1112 1749 1142 1806 iu
1156 1746 1322 1807 Sardiniam
1338 1767 1356 1803 a

205 1855 316 1914 Poenis
339 1855 510 1914 translatum
533 1875 595 1914 esse
617 1855 687 1914 mihi
712 1853 836 1931 videtur,
861 1855 1102 1916 Cic.Scaur.1s.
1135 1855 1220 1914 Mart.
1245 1854 1355 1934 Capv

208 1965 281 2022 469.
316 1963 416 2022 Arinis
432 1983 537 2023 nomen
548 1963 690 2022 Punicum
705 1964 795 2024 fuisse
810 1985 845 2024 ea
862 1984 975 2045 quoque
991 1963 1028 2024 de
1043 1938 1132 2023 causa
1143 1963 1214 2022 mihi
1230 1962 1355 2050 videtur,

209 2069 289 2149 quod
322 2070 431 2150 oppido
461 2069 576 2145 cuidam
600 2071 718 2131 Africae
748 2093 854 2132 nomeu
877 2079 972 2132 Ariaa
1001 2081 1063 2146 est,
1095 2071 1171 2131 Ptol.
1204 2072 1249 2130 IV
1282 2075 1355 2145 λῃ.

207 2177 290 2236 Hinc
328 2185 425 2236 tamen
463 2181 603 2256 originem
634 2179 821 2258 repetendam
855 2199 918 2239 esse
950 2200 1009 2238 non
1042 2187 1129 2259 puto,
1167 2176 1249 2237 aliud
1285 2177 1355 2236 mibi

206 2283 315 2363 placet.
361 2285 433 2344 Rav.
450 2287 492 2344 IV
513 2290 551 2345 14
575 2287 696 2346 fluvium
719 2264 830 2346 Daciae
845 2285 956 2347 Arinen
971 2285 1117 2361 describit,
1140 2289 1268 2367 itemque
1283 2286 1356 2345 Pro-

210 2393 316 2471 copius
339 2391 376 2451 de
400 2392 461 2451 aed.
486 2394 531 2452 lv
557 2399 593 2452 11
619 2417 647 2474 p.
674 2391 765 2454 307²²
788 2393 879 2456 Dind.
905 2395 1055 2454 castellum
1077 2393 1172 2453 Arina
1195 2393 1233 2452 ad
1255 2394 1357 2451 Dauu-

208 2501 293 2558 vium
316 2502 413 2558 situm.
459 2500 582 2580 Saepius
605 2503 726 2560 miratus
748 2523 812 2560 sum
835 2511 906 2582 quot
928 2505 1046 2561 nomina
1077 2503 1207 2582 antiquis
1235 2519 1358 2578 geogra-

208 2607 277 2685 phis
313 2616 384 2665 nota
417 2617 484 2687 post
518 2609 637 2686 longum
671 2619 784 2689 tempus
814 2609 893 2689 apud
916 2609 1117 2669 Ravennatem
1148 2609 1243 2670 denuo
1276 2611 1357 2689 quasi

210 2727 380 2793 emergant;
416 2717 519 2776 borum
542 2718 648 2778 Arines
679 2719 801 2778 fortasse
832 2740 921 2777 unum
954 2727 1005 2778 est.
1051 2719 1165 2778 Tamen
1194 2739 1253 2778 non
1282 2737 1357 2795 nego

211 2827 276 2886 fieri
300 2847 385 2906 posse
408 2835 440 2884 ut
462 2827 597 2886 Valerius
621 2827 729 2907 oppido
752 2827 871 2887 Africae
894 2847 963 2886 usus
986 2829 1038 2902 sit;
1062 2835 1141 2886 certa
1163 2830 1291 2904 vestigia
1313 2847 1359 2885 su·

211 2945 334 3016 persunt
357 2936 505 2995 Valerium
528 2939 615 2996 etiam
639 2936 758 2996 Africae
781 2935 976 3017 descriptione
998 2957 1080 2995 usum
1103 2955 1174 2996 esse.
1412 3006 1414 3011 ,

193 3072 196 3080 ’
302 3049 446 3104 Auchetae
469 3045 526 3124 (VJ
551 3045 631 3123 132).
677 3045 828 3105 Auchates
860 3047 1071 3126 antiquissimis
1100 3045 1277 3124 temporibus
1308 3065 1359 3104 no-

215 3153 304 3214 bilem
331 3161 447 3230 gentem
477 3154 566 3213 fuisse
595 3157 726 3214 conicere
757 3155 825 3215 licet
854 3176 891 3215 ex
915 3155 1024 3215 Herod.
1048 3155 1093 3214 IV
1118 3158 1135 3214 6
1161 3150 1219 3215 ἀπὸ
1245 3149 1296 3236 μὲν
1321 3149 1357 3236 δὴ

215 3258 380 3331 Λιποξάιος
404 3259 555 3343 γεγονέναι
578 3259 697 3332 τούτους
721 3267 779 3324 τῶν
804 3260 946 3324 Σκυθέων
976 3262 1004 3324 οἱ
1027 3257 1166 3346 Αὐχάται
1189 3260 1272 3344 γένος
1302 3285 1360 3323 κα-

215 3365 342 3431 λέονται.
387 3370 461 3430 Inda
484 3371 562 3452 apud
584 3374 670 3452 primi
693 3372 808 3431 demum
825 3395 852 3452 p.
866 3371 906 3432 O:
920 3373 1027 3432 saeculi
1048 3376 1200 3453 scriptores
1216 3373 1360 3450 leguntur,

215 3478 293 3537 Plin.
317 3479 362 3538 IV
386 3483 441 3554 88,
472 3479 517 3539 VI
541 3483 589 3541 50.
635 3481 788 3561 Perpauca
810 3481 846 3542 de
869 3485 911 3542 eis
934 3489 1079 3561 comperta
1101 3481 1263 3556 habebant,
1288 3502 1362 3562 quae

218 3590 316 3646 omnia
338 3607 376 3646 ex
398 3589 549 3648 Herodoto
571 3591 676 3650 hausta
699 3590 786 3667 suut3'
812 3613 879 3651 nam
909 3591 992 3652 sedes
1020 3611 1118 3651 eorum
1146 3595 1361 3670 computatione

220 3695 346 3776 quadam
368 3697 462 3772 fictae,
484 3720 542 3758 non
564 3703 671 3760 recenti
687 3705 793 3760 notitia
811 3701 942 3761 detectae
957 3701 1100 3762 videntur.
1145 3701 1193 3759 Hx
1209 3700 1361 3761 Herodoto

218 3806 366 3885 colligitur
388 3827 438 3866 eos
461 3807 600 3889 Scythiae
622 3814 767 3890 propriae,
800 3831 874 3890 quae
898 3814 983 3870 certis
1005 3809 1112 3869 finibus
1142 3813 1361 3891 circumscripta

218 3937 278 3974 non
300 3919 342 3975 ita
365 3937 472 3994 magna
494 3925 554 3991 est,
590 3927 702 3998 partem
736 3919 904 4002 obtinuisse.
950 3917 1023 3978 Cum
1055 3937 1089 3976 eo
1121 3921 1263 3976 consentit
1284 3919 1361 3978 Plin·

220 4023 265 4083 VI
290 4027 345 4083 22:
377 4030 427 4084 alit
449 4032 590 4099 tafbaaisse
613 4048 643 4085 eo
666 4031 778 4103 Scythas
800 4032 953 4099 Auchetae,
984 4031 1151 4097 Atheraeoc,
1184 4031 1361 4098 Asampatae,

221 4139 255 4194 ab
277 4141 319 4195 bic
342 4139 478 4194 Tanaitas
501 4146 526 4194 et
549 4141 687 4209 laapaeos
709 4142 812 4195 uiritim
844 4139 949 4193 deletos.
995 4133 1040 4192 IV
1065 4137 1104 4192 88
1135 4129 1216 4214 (inde
1238 4131 1296 4190 Sol.
1321 4134 1357 4188 81

222 4253 250 4304 et
271 4246 357 4304 Mart.
382 4244 454 4323 (lap.
472 4243 517 4304 VI
542 4240 616 4324 663)
640 4249 667 4300 A
691 4247 810 4316 Taphris
831 4263 880 4315 par
910 4247 1091 4300 coattaaatem
1113 4246 1250 4299 introrsus
1272 4248 1363 4298 terreat

222 4358 358 4414 Aactretae
381 4357 458 4428 aptari
480 4374 546 4428 qaas
569 4356 700 4428 Hypatae
726 4358 826 4412 oritur.
870 4350 1030 4425 Euchatae‚
1064 4367 1135 4428 quos
1156 4346 1232 4405 Plin.
1255 4346 1300 4405 VI
1322 4349 1362 4405 50

221 4464 336 4522 remotis
359 4461 430 4521 loeis
453 4461 531 4521 ultra
553 4461 707 4520 Jaxanem
729 4462 812 4539 ponit
833 4457 922 4520 iidem
946 4465 1033 4537 atque
1049 4455 1203 4516 Auchetae
1225 4475 1362 4516 essenon
