3190 4956
777 255 817 318 71

318 435 387 490 cetea
408 435 501 492 trabea
521 435 661 508 fessaeque
679 437 762 507 priua
784 435 890 494 rediere
911 436 1031 507 sarteas

145 615 147 630 .
210 529 213 534 ¹
319 535 444 623 <arbato
466 546 505 602 ad
526 565 664 604 summere
685 563 769 617 qaam
787 563 933 617 ρωοωιιιο
955 537 1097 625 sammaa)

188 651 322 710 Valerius
345 651 574 730 chorographiae
596 650 691 726 debet,
719 649 763 714 cf.¹
776 651 885 711 Melam
907 653 940 710 ΙΙ
966 656 1019 725 1,α
1041 657 1124 712 sibae
1145 655 1244 712 detade
1265 660 1331 711 aaut

190 780 259 835 qaae
279 766 417 820 mammae
437 765 489 820 aaa
509 771 600 822 terrae
620 766 725 834 fauet.
769 762 843 822 Rem
865 761 1095 842 chorographiae
1118 759 1213 835 debet,
1242 759 1332 820 verba

190 868 329 948 Vergilio,
353 867 406 930 Ge.
429 869 462 930 H
477 872 547 930 ⁰123

658 989 731 1058 perit
752 985 840 1044 ledia
862 987 935 1044 aar

320 1097 433 1151 aetreme‘
453 1097 533 1152 staec
554 1097 636 1166 orbte,
659 1097 709 1152 ebt
731 1113 799 1152 aera
820 1099 924 1153 αιίιαοτο
946 1114 1085 1153 semmam

205 1253 207 1257 .
318 1204 427 1258 arboria
447 1204 517 1259 beat
538 1205 609 1259 altae
630 1207 706 1260 taeta
722 1212 838 1276 euasere
858 1207 985 1276 saptttae,

188 1327 297 1387 Herod.
321 1327 367 1387 IV
390 1330 434 1407 76ι
453 1328 530 1389 hanc
551 1333 700 1408 regionem
723 1333 765 1389 ita
787 1328 942 1390 describit:
977 1325 1106 1400 καταδὺς
1137 1329 1168 1401 ἐς
1198 1328 1250 1412 τὴν
1273 1353 1332 1392 κα-

190 1433 333 1519 λεομένην
352 1427 477 1520 Ὑλαίην
514 1437 545 1520 (ἡ
583 1437 607 1498 δ’
641 1433 702 1499 ἐστὶ
734 1434 785 1520 μὲν
817 1435 898 1521 παρὰ
928 1434 977 1500 τὸν
1011 1433 1176 1524 Ἀχιλλήιον
1212 1438 1330 1522 δρόμον,

102 1543 105 1548 Δ
188 1542 328 1630 τυγχάνει
352 1541 385 1606 δὲ
407 1547 489 1608 πᾶσα
511 1545 603 1608 ἐοῦσα
627 1545 772 1631 δενδρέων
796 1545 942 1610 παντοίων
966 1546 1054 1632 πλέη)
1078 1571 1104 1610 ιι.
1121 1571 1145 1610 τ.
1164 1549 1189 1610 λ.

280 1661 418 1733 Hyporeia
463 1653 570 1733 'Ibes¹)
594 1656 733 1736 Scythiae
754 1657 836 1716 fluvii
851 1657 990 1737 Hypanis
1012 1667 1160 1720 vocantur.
1198 1657 1334 1718 Valerius

189 1765 235 1825 IV
252 1768 313 1825 719
338 1784 403 1824 eum
425 1766 590 1843 significare
604 1765 729 1842 videtur,
753 1770 802 1847 qui
817 1767 905 1828 hodie
922 1769 988 1845 Bug
1004 1775 1127 1827 vocatur
1140 1765 1184 1847 2);
1206 1767 1253 1827 VI
1274 1768 1332 1826 147

189 1895 255 1936 eum
287 1873 359 1934 dicit
390 1877 437 1934 cui
469 1873 557 1934 hodie
586 1895 692 1936 nomen
715 1875 826 1935 Kuban
854 1884 912 1951 est,
943 1897 968 1935 v.
992 1897 1013 1935 s.
1037 1876 1208 1936 Exomatae.
1254 1876 1335 1934 Neu·

189 1992 267 2044 trum
289 1985 452 2043 accuratius
475 1981 621 2042 describit.

278 2097 402 2170 Jaeypee.
447 2092 494 2152 De
509 2091 674 2172 Jazygibue
696 2091 769 2151 duas
791 2111 837 2152 res
859 2093 995 2152 Valerius
1016 2113 1070 2152 nos
1094 2091 1187 2166 docet,
1210 2091 1333 2152 V1122

538 2231 656 2297 aperta
679 2229 802 2282 taceatis
823 2226 941 2300 Jaeypee
964 2227 1029 2283 aeui.

189 2334 236 2395 VI
260 2335 321 2394 328

323 2447 395 2500 imae
418 2446 493 2514 eqva's
516 2461 573 2514 qua
593 2443 632 2497 ael
653 2442 743 2497 medio
764 2445 835 2512 repet
858 2458 973 2513 aequore
991 2448 1096 2512 poetae

322 2553 360 2606 oet
380 2549 490 2605 tumida
511 2549 606 2618 fremit
620 2547 726 2603 Hister
748 2565 832 2618 aqua.

189 2663 282 2758 Apud
304 2677 435 2756 Jaayges
465 2675 553 2732 moris
576 2671 665 2731 fuisse
687 2681 720 2731 ut
741 2691 825 2731 senes
847 2671 1042 2732 interficerent
1063 2661 1213 2753 nusquam
1228 2673 1336 2750 legitur

191 2807 368 2870 quamquam
390 2784 559 2862 saepissime
582 2781 713 2860 Jazyges
736 2789 1003 2840 commemorantur
1049 2781 1163 2840 Tamen
1184 2780 1254 2840 inde
1276 2801 1335 2839 non

191 2897 324 2975 sequitur
345 2893 418 2952 baec
441 2890 478 2949 ab
501 2889 560 2948 alia
582 2897 669 2967 gente
690 2888 833 2948 translata
855 2908 933 2964 esso,
964 2875 1139 2968 pracsertim*
1165 2910 1230 2948 cum
1258 2890 1336 2949 hanc

191 3005 404 3063 immanitatem
425 3000 580 3059 multarum
602 3001 735 3077 gentium
761 2998 905 3074 ferarum,
939 3007 972 3058 ut
993 2999 1125 3079 «Iazyges
1151 3007 1213 3058 tum
1242 3006 1333 3072 erant,

192 3115 341 3192 propriam
371 3109 461 3168 fuisse
492 3116 521 3167 et
550 3107 587 3166 ab
618 3109 746 3186 antiquis
770 3115 799 3166 et
821 3129 839 3165 a
861 3107 1040 3166 nostratibus
1063 3107 1252 3187 scriptoribus
1275 3116 1336 3166 tra·

193 3219 286 3280 datur.
331 3215 419 3276 Addo
443 3217 515 3275 locis
537 3236 555 3275 a
576 3215 838 3292 Langeno-allatis
852 3211 878 3296 3)
901 3203 1057 3276 nonnullos
1080 3216 1130 3275 ubi
1158 3216 1260 3276 eadem
1290 3234 1337 3275 res

191 3331 309 3407 legitur.
353 3326 431 3385 Plut.
464 3323 501 3385 de
523 3323 687 3384 Alexandri
710 3345 731 3383 s.
755 3327 821 3382 virt.
855 3345 878 3383 s.
901 3323 966 3384 fort.
988 3325 1050 3384 15
1083 3320 1134 3386 καὶ
1157 3321 1337 3403 Σογδιανοὺς

193 3433 293 3520 ἔπεισε
316 3431 445 3516 πατέρας
471 3429 589 3516 τρέφειν
612 3427 663 3492 καὶ
687 3428 727 3514 μὴ
753 3428 898 3513 φονεύειν.
944 3429 1086 3494 Similiter
1102 3431 1247 3494 Herod.I
1272 3437 1333 3493 216

193 3544 231 3606 de
252 3544 442 3622 Massagetis:
466 3538 552 3624 οὖρος
577 3536 609 3600 δὲ
632 3537 749 3628 ἡλικίης
774 3563 827 3624 σφι
849 3537 1006 3622 τροκέεται
1028 3535 1116 3611 ἄλλος
1146 3538 1197 3624 μὲν
1222 3538 1335 3612 οὐδείς·

191 3648 282 3716 ἐπεὰν
308 3649 341 3714 δὲ
364 3650 459 3736 γε’ρων
482 3649 603 3734 γένηται
625 3647 729 3734 κάρτα,
754 3649 782 3713 οἱ
804 3647 1001 3734 προσήκοντές
1033 3650 1061 3712 οἱ
1091 3647 1197 3722 πάντες
1232 3651 1337 3713 συνελ-

193 3761 296 3833 θόντες
320 3758 427 3823 θύουσί
451 3783 497 3845 μιν
520 3756 570 3821 καὶ
594 3757 671 3822 ἄλλα
694 3758 830 3844 πρόβατα
853 3757 916 3842 ἅμα
939 3757 1028 3844 αὐτῷ,
1053 3758 1217 3844 ἑψήσαντες
1242 3755 1335 3848 δὲτὰ

190 3870 265 3957 κρέα
291 3869 529 3957 κατευωχέονται
560 3871 641 3951 (inde
663 3870 769 3931 Erueb.
792 3871 896 3950 Praep.
924 3867 993 3944 11‘1,
1024 3867 1094 3930 inde
1119 3871 1239 3930 Hieron.
1268 3869 1335 3930 adv.

264 4177 291 4245 1)
311 4171 352 4228 cf.
372 4189 399 4242 p.
419 4173 461 4226 65.

264 4267 459 4338 Dfflpffi

265 4364 292 4431 3)
313 4361 495 4414 Vehementer
519 4359 645 4427 suspicor
670 4358 731 4414 Silii
755 4359 845 4413 locum
870 4361 1036 4428 aLangcno
1060 4360 1174 4415 allatum
1192 4376 1208 4418 e
1227 4360 1338 4417 valerio

190 4459 322 4518 haustum
340 4467 409 4520 esse,
428 4452 518 4512 itaut
536 4467 581 4508 res
600 4452 628 4508 in
647 4452 785 4523 Hispanos
804 4452 942 4529 translate
960 4453 1004 4528 sit.
1040 4501 1045 4506 .
1143 4499 1158 4506 ..
1209 4513 1212 4520 Δ
