3190 4956
309 1457 344 1518 In
375 1455 525 1538 Apollonii
554 1453 664 1516 Rhodii
691 1456 899 1534 Argonauticis
920 1455 970 1516 ΠΙ
993 1457 1053 1517 351
1078 1477 1115 1516 es.
1147 1457 1250 1517 Phrixi
1281 1459 1360 1518 filius

220 1567 320 1646 Argue
341 1567 464 1627 Aeetem
486 1565 531 1625 his
561 1565 659 1626 verbis
680 1565 786 1628 Jesoni
809 1565 965 1626 concihare
986 1564 1100 1626 studet:
1130 1564 1164 1628 οό
1187 1561 1244 1650 γὰρ
1269 1563 1360 1629 ἱκάνει

220 1671 306 1760 χερσὶ
323 1673 498 1759 βιησόμενος
519 1672 644 1756 μέμονεν
669 1671 702 1735 δέ
724 1695 769 1736 τοι
792 1670 859 1743 dim
881 1671 987 1736 τείσειν
1004 1671 1139 1758 δωτίνης,
1162 1672 1236 1737 ἀίων
1251 1672 1360 1758 έμέίίεν

218 1781 296 1866 μέγα
311 1781 524 1866 δυσμενέοντας
537 1780 740 1866 Σαυρομάτας,
754 1780 822 1854 τοὺς
834 1783 927 1846 σοῖσιν
943 1779 1000 1845 ὑπό
1014 1775 1188 1868 σκήπτροισι
1203 1780 1360 1867 δαμάσσει

217 1895 284 1954 Hac
312 1913 344 1954 re
373 1893 451 1974 apud
473 1893 664 1973 Apollonium
694 1913 753 1952 non
782 1893 884 1953 effecta
906 1892 1042 1953 Valerius
1072 1895 1165 1954 utitur
1187 1901 1221 1953 ut
1252 1897 1357 1972 iugens

218 2005 303 2065 nohis
324 2005 433 2065 bellum
455 2005 612 2064 Homerico
635 2001 781 2063 scribendi
803 2021 909 2082 genere
930 2002 1085 2084 depingat:
1108 2003 1220 2064 Aeetae
1241 2003 1360 2063 fratrem

219 2107 361 2190 Persen¹)
384 2131 450 2170 cum
471 2113 583 2190 ingenti
607 2111 738 2170 exercitu
752 2109 940 2170 barbarorum
962 2109 1045 2170 illum
1068 2108 1287 2188 aggredientem
1308 2108 1362 2170 sed

220 2214 458 2298 Argonautarum
481 2218 592 2278 auxilio
613 2221 732 2277 victum.
777 2218 953 2298 Priusquam
975 2227 1071 2278 autem
1089 2221 1205 2298 utrique
1226 2220 1258 2277 in
1279 2235 1361 2298 proe-

216 2330 289 2390 lium
311 2328 490 2390 descendant
510 2336 599 2408 poeta
620 2327 781 2388 Homerum
811 2334 841 2387 et
862 2327 1025 2406 Vergilium
1048 2335 1161 2388 sectans
1183 2347 1245 2386 non·
1263 2326 1359 2387 facere

218 2447 316 2520 potest
345 2446 379 2498 ut
412 2438 578 2516 catalogum
606 2438 800 2516 pugnantium
831 2455 891 2495 non
918 2440 1103 2516 praemittat:
1140 2439 1243 2497 ineant
1270 2439 1361 2514 igitur
1446 2433 1448 2437 ’

152 2589 155 2596 ⁴
218 2549 354 2608 Valerius
371 2549 492 2606 carmini
515 2565 568 2605 suo
584 2545 713 2624 amplum
733 2543 860 2604 indicem
882 2549 1013 2623 gentium
1027 2545 1252 2619 barbaricarum,
1275 2563 1362 2624 quem

220 2655 473 2734 echorogrephia
502 2652 627 2734 quadam
656 2653 791 2712 haustum
823 2671 886 2713 esse
911 2673 997 2714 nemo
1025 2675 1086 2714 non
1108 2653 1190 2715 videt
1210 2674 1242 2714 re
1272 2654 1360 2734 paulo

220 2763 390 2842 diligentius
403 2766 547 2841 inspecta:
576 2760 669 2821 multo
692 2763 786 2820 minor
807 2781 877 2841 pars
892 2764 1041 2821 nominum
1063 2765 1105 2821 ita
1128 2771 1294 2843 comparata
1316 2770 1361 2823 est

219 2879 253 2933 ut
285 2879 336 2931 aut
357 2873 510 2932 notissima
533 2877 583 2930 aut
606 2888 644 2930 ex
667 2869 877 2950 antiquioribus
899 2873 995 2952 poetis
1017 2871 1159 2930 translata
1191 2870 1361 2948 videantur;

218 2981 305 3058 louge
327 2980 452 3060 plurima
474 2981 593 3038 nomina
607 2996 763 3058 omnesque
786 2978 846 3039 fere
868 2998 914 3040 res
936 2979 1149 3060 geographicae
1171 2982 1296 3058 (omissis
1319 2983 1361 3040 eis

220 3107 295 3170 quae
317 3087 476 3169 Apollonio
509 3086 663 3166 debentur)
692 3090 749 3147 uisi
779 3087 999 3169 chorographiis
1032 3089 1148 3149 collatis
1179 3109 1236 3149 non
1266 3089 1360 3169 expli·

219 3206 330 3273 cantur,
357 3218 423 3258 cum
446 3195 525 3278 apud
544 3203 646 3277 poetas
675 3195 750 3256 nihil
777 3195 814 3257 de
843 3199 886 3258 eis
915 3199 1057 3258 invenias.
1096 3196 1250 3258 Accedunt
1271 3201 1360 3260 etiam

217 3321 275 3330 ...n--

291 3381 318 3451 1)
337 3380 444 3437 Fabula
462 3380 675 3440 dedissensione
687 3383 760 3440 inter
773 3385 887 3440 Aeetam
907 3389 935 3440 et
947 3384 1051 3440 Persen
1071 3388 1135 3440 orta
1153 3399 1207 3437 nou
1221 3384 1359 3440 aValerlo

218 3473 307 3545 primo
326 3479 472 3542 narratur,
498 3474 533 3530 cf.
552 3475 655 3543 Maior,
684 3476 859 3544 quaestiones
884 3476 1086 3546 Argonauticae
1114 3493 1141 3546 p.
1151 3478 1193 3531 44.
1230 3475 1362 3544 Ribbeck,

218 3565 263 3622 die
281 3567 417 3622 romische
443 3567 580 3638 Tragtidie
599 3586 625 3638 p.
637 3571 733 3624 318ss.
772 3567 892 3638 Stirpem
916 3568 1037 3626 fratrum
1065 3569 1210 3640 Dionysius
1236 3569 1360 3625 Milesius

216 3659 251 3715 fr.
271 3663 288 3714 4
308 3661 354 3730 (=
371 3659 455 3716 schol.
475 3663 527 3731 Ap.
556 3661 608 3717 Rh.
628 3661 675 3716 Ill.
696 3662 761 3732 200)
786 3662 827 3716 ita
850 3661 978 3732 exponit:
1005 3661 1098 3717 Ἡλίου
1124 3665 1171 3735 γάρ
1197 3678 1271 3734 φησιν
1295 3661 1362 3721 υίοίις

215 3751 328 3826 γενέσθαι
345 3753 390 3808 δίιο
409 3755 503 3813 ἐντοῖς
522 3755 606 3815 τόποις
626 3755 735 3814 ἐκείνοις·
755 3755 792 3814 οῖς
811 3754 924 3825 όνόματα
942 3755 973 3828 ἠν
986 3753 1092 3829 Περσεὺς
1111 3757 1154 3809 καὶ
1173 3752 1269 3828 Αἰήτης
1282 3771 1287 3785 ·
1302 3754 1360 3809 rob·

215 3865 274 3909 τους
292 3848 319 3901 δέ
338 3855 474 3921 κατασχεῖν
492 3848 538 3920 τὴν
557 3850 653 3921 χώραν.
672 3849 716 3902 καί
737 3846 834 3921 Αἰήτην
854 3851 899 3918 μέν
916 3845 1036 3922 Κόλχους
1060 3850 1103 3903 καί
1115 3845 1246 3916 Μαιώτας,
1266 3845 1362 3922 Περαία
1462 3859 1464 3865 “

217 3942 244 3996 δέ
261 3947 307 4014 τῆς
319 3940 446 4016 Ταυρικῆς
466 3943 616 4015 βασιλεῦσαι.
635 3943 679 3997 καί
694 3943 740 3996 τόν
753 3941 836 4016 Πέρση
855 3943 1021 4016 πριαβότιρον
1040 3945 1100 3998 ὄντα
1112 3949 1191 4015 γῆμαι
1209 3949 1262 3996 τῶν
1282 3944 1362 4016 ίηχυν·

217 4035 278 4107 ρίιυν
295 4040 358 4102 τινά,
376 4037 420 4090 οιαὶ
438 4036 551 4108 γενέσθαι
569 4036 642 4108 αιἰτῳ*
659 4035 792 4108 θυγατέρα,
811 4036 919 4110 ᾐόνομα
938 4037 970 4109 ἦν
985 4034 1097 4109 Ἑκάτη.
1116 4035 1148 4089 cl.
1173 4035 1250 4089 Diod.
1271 4035 1309 4088 Ν
1318 4038 1361 4090 45.

217 4129 259 4184 De
279 4127 341 4184 odio
360 4128 479 4184 fratrum
503 4130 589 4184 multa
608 4130 784 4197 ferebantur,
810 4145 926 4198 quorum
945 4130 1061 4200 vestigia
1084 4129 1215 4184 habemus
1234 4127 1361 4198 Apollod.

216 4221 237 4289 l,
257 4223 319 4288 9,28
338 4226 366 4276 et
391 4222 504 4277 Pacuvii
531 4221 657 4279 Medeam
684 4239 727 4294 ap.
753 4223 823 4294 Hyg.
843 4221 899 4278 fab.
919 4226 968 4291 273
993 4227 1084 4278 tamen
1113 4237 1246 4289 nusquam
1273 4220 1364 4276 inveni

216 4317 359 4370 narratum
377 4330 424 4370 eos
440 4316 499 4370 acie
517 4314 669 4374 dimicasse.
707 4315 794 4386 Quam
812 4332 870 4372 rem
883 4315 985 4385 optime
1004 4321 1032 4371 et
1050 4315 1187 4370 invenisse
1206 4319 1234 4369 et
1252 4313 1361 4369 institu-

217 4405 273 4462 isse
292 4403 403 4460 Valerio
428 4404 505 4462 laudi
523 4404 675 4464 ducendum
694 4412 744 4476 est,
768 4405 802 4462 cf.
823 4405 971 4476 Schwartz,
998 4405 1032 4463 de
1050 4405 1180 4477 Dionysio
1201 4404 1364 4476 Scythobra-

219 4496 316 4554 chione
336 4513 363 4568 ρ.
374 4500 417 4554 36.
