3190 4956
739 216 828 309 αι’

173 420 304 483 Gerrhus
327 422 365 482 ah
386 423 540 503 Hypacyri
564 431 698 502 receptus
721 426 753 483 in
775 426 871 484 sinum
894 422 1070 486 Carcinitem
1092 443 1155 487 sese
1177 424 1318 486 effundat.

176 522 234 592 Res
256 535 300 590 ita
322 531 440 592 videtur
462 532 560 606 fluisse,
583 540 616 592 ut
637 533 779 607 Romani,
808 535 857 612 qui
882 554 957 592 anno
981 537 1020 594 49
1045 537 1076 594 in
1099 534 1166 592 illes
1187 537 1320 610 regiones

175 650 325 714 venerunt,
349 641 454 700 Gerrbi
479 661 584 702 nomen
607 661 705 701 eorum
727 641 883 702 fluviorum
905 641 1021 702 cuidam
1044 640 1192 717 dederint,
1216 647 1265 722 qui
1288 647 1320 706 in

176 751 285 810 Bucam
300 749 396 808 lacum
411 749 544 824 influunt,
568 748 719 810 credentes
733 749 917 808 Herodotum
941 749 1001 828 (vel
1024 753 1120 829 potius
1135 751 1320 831 geographos

174 858 269 918 abeo
297 856 469 938 pendentes)
500 877 565 918 eum
594 857 771 935 significare:
803 860 854 936 qui
887 878 966 918 error
994 858 1081 919 facile
1109 863 1188 920 nasci
1220 863 1317 938 potuit

171 966 251 1052 quod
285 967 379 1027 Buces
407 969 540 1046 proxime
568 965 681 1027 accedit
714 966 752 1026 ed
784 966 962 1028 Carcinitsm
992 971 1095 1030 sinum.
1151 968 1328 1047 Expeditio'

172 1073 250 1132 illius
273 1076 343 1132 enni
367 1075 406 1132 49
439 1071 648 1151 descriptiones
675 1073 792 1132 illerum
814 1076 966 1150 regionum
988 1074 1087 1134 multis
1115 1078 1200 1134 novis
1223 1078 1317 1134 nomi·
1379 1058 1381 1062 ¹

170 1181 257 1240 uibus
283 1179 405 1242 ditavit:
436 1181 516 1240 Mela
541 1184 591 1261 qui
607 1181 714 1240 librum
736 1202 820 1242 suum
842 1203 868 1241 a.
893 1185 933 1242 40
963 1182 1011 1243 vel
1042 1185 1083 1244 44
1115 1182 1208 1242 edidit
1236 1193 1315 1244 vete-

169 1290 249 1348 ribus
280 1288 525 1368 descriptionibus
547 1292 663 1364 nititur,
693 1289 823 1364 Plinius,
855 1294 905 1369 qui
929 1312 953 1349 e.
979 1293 1017 1350 77
1042 1290 1147 1350 librum
1170 1290 1241 1352 Tito
1264 1289 1314 1350 de·

170 1398 296 1471 dicavit,
328 1403 420 1458 novis.
472 1399 520 1456 Ita
541 1397 737 1486 discrepantia
758 1397 845 1458 facile
867 1399 1036 1477 explicatur.
1082 1398 1194 1458 Valerii
1218 1407 1316 1458 aucto-

169 1527 247 1582 rem,
270 1510 322 1588 qui
343 1509 414 1568 item
436 1527 513 1568 nova
536 1505 729 1586 descriptione
751 1509 858 1586 utitur,
880 1516 946 1586 post
969 1529 994 1568 a.
1012 1510 1051 1567 49
1076 1509 1226 1588 scripsisse
1248 1505 1317 1568 inde

170 1625 302 1697 apparet.

261 1747 309 1806 Ab
338 1746 395 1806 hoc
418 1744 531 1806 Gerrho
554 1743 734 1826 separandus
763 1755 807 1805 est
839 1745 912 1804 alter
942 1748 991 1825 qui
1014 1749 1046 1804 in
1075 1766 1155 1806 mare
1178 1745 1318 1825 Caspium
1362 1817 1363 1820 Ἴ

170 1854 371 1930 influit,Pt01.
396 1856 430 1928 V,
456 1859 527 1928 122.

258 1989 352 2045 Getae.
399 1984 445 2044 De
468 1981 552 2043 Getis
567 1983 706 2054 Valerius!
726 1984 800 2042 nihil
823 1991 922 2043 narrat
945 1983 1024 2064 quod
1046 2003 1145 2043 eorum
1168 1986 1317 2063 proprium

172 2097 218 2154 sit.
264 2094 418 2154 Sesostrim
441 2091 533 2153 Getas
556 2092 633 2153 hello
658 2097 764 2173 petisse
787 2113 824 2153 ex
839 2093 990 2152 Herodoto
1014 2093 1046 2152 II
1072 2095 1131 2153 103
1153 2092 1317 2172 desumpse-

171 2213 239 2263 runt
272 2205 439 2282 scriptores:
474 2201 583 2283 διεξήιε
612 2197 665 2284 τὴν
699 2199 838 2284 ἤπειρον,
868 2201 899 2272 ἐς
923 2201 939 2263 'o
961 2200 1070 2284 ἐκτῆς
1093 2197 1188 2284 Ἀσίης
1212 2193 1245 2272 ἐς
1265 2198 1319 2285 τὴν

173 2309 321 2396 Εὐρώπην
346 2306 451 2395 διαβὰς
474 2307 541 2381 τούς
564 2333 595 2371 τε
619 2307 738 2380 Σκύθας
761 2309 979 2394 κατεστρέψατο
1008 2307 1149 2380 καὶτοὺς
1174 2309 1318 2392 Θρήικας.

173 2422 202 2492 ἐς
225 2419 345 2490 τούτους
379 2418 412 2482 δέ
436 2443 485 2502 μοι
509 2418 605 2481 δοκέει
639 2417 689 2481 καὶ
721 2419 900 2503 προσώτατα
932 2417 1094 2482 ἀπικέσθαι
1118 2419 1133 2480 ὁ
1158 2415 1316 2500 Αἰγύπτιος

171 2531 303 2617 στρατός.
330 2530 360 2593 ἐκ
378 2526 429 2611 μὲν
446 2525 502 2613 γὰρ
525 2532 561 2613 τῇ
582 2525 693 2592 τούτων
709 2529 797 2613 χώρῃ
822 2527 977 2612 φαίνονται
1002 2527 1163 2591 σταθεῖσαι
1187 2527 1218 2590 αἱ
1243 2533 1317 2611 στῆ-

171 2643 237 2719 λαι,
261 2637 294 2702 τὸ
319 2635 351 2700 δὲ
374 2636 555 2722 προσωτέρω
579 2636 690 2700 τούτων
714 2637 821 2700 οὐκέτι.
856 2636 993 2700 ἐντεῦθεν
1027 2633 1059 2698 δὲ
1082 2635 1261 2722 ἐπιστρέψας
1285 2636 1319 2698 h-

172 2749 251 2814 πίσω
274 2748 332 2831 ἥιε,
357 2744 405 2810 καὶ
429 2744 525 2808 ἐπείτε
548 2743 660 2827 ἐγένετο
692 2744 741 2808 ἐπὶ
763 2745 844 2809 <beist
868 2749 994 2831 ποταμῷ
1018 2769 1044 2807 κ,
1062 2767 1087 2807 τ.
1107 2746 1133 2806 λ.
1179 2748 1228 2805 Ex
1252 2748 1319 2805 sim-

172 2851 244 2942 plici
276 2879 307 2920 re
344 2857 479 2924 ἐντεῦθεν
510 2851 543 2918 δὲ
577 2855 754 2941 ἐπιστρέψας
785 2855 880 2918 ὀπίσω
908 2856 957 2940 ἤιε
981 2857 1114 2916 Valerius
1146 2857 1260 2937 poetica
1281 2855 1317 2914 li·

172 2973 268 3031 centia
291 2970 375 3046 fingit
391 2967 581 3028 Sesostridem
606 2967 689 3027 clade
704 2987 820 3026 suorum
835 2971 968 3027 territum
983 2969 1142 3028 exercitum
1157 2965 1320 3040 reduxisse,

175 3079 294 3138 vtro.
340 3075 466 3158 Reliqua
489 3097 505 3136 e
527 3077 737 3157 chorographie
760 3077 865 3136 hausta
887 3097 947 3136 non
968 3085 1042 3136 sunt.
1088 3075 1212 3136 Terram
1235 3093 1319 3153 aspe-

172 3199 271 3248 rorum
293 3185 435 3246 Getarum
456 3185 559 3244 Martis
582 3185 680 3245 sedem
712 3205 775 3245 esse
798 3205 885 3266 saepe
907 3186 1051 3264 legimus,
1077 3193 1110 3243 ut
1134 3183 1219 3262 Verg.
1242 3184 1318 3244 Aen.

170 3295 234 3355 VII
258 3297 307 3354 35.
354 3293 427 3354 Stat.
457 3293 513 3352 Th.
538 3293 586 3375 Ill
620 3295 690 3352 221.
736 3293 848 3352 Auson.
883 3295 972 3372 epigr.
1002 3293 1018 3352 I
1051 3293 1078 3352 7.
1125 3292 1320 3352 Acerbissime

175 3407 206 3463 in
229 3423 278 3464 eos
299 3401 412 3462 invehit
435 3401 561 3462 Ovidius
583 3405 614 3460 in
638 3401 755 3461 Tristiis
778 3409 807 3460 et
829 3419 866 3460 ex
888 3401 983 3460 Ponto
1007 3399 1190 3460 carminibus.

260 3534 306 3593 VI
342 3537 403 3592 618
435 3531 570 3592 Valerius
592 3533 717 3592 Martem
740 3535 842 3592 Geticis
863 3537 899 3591 ab
924 3538 1014 3591 antris
1046 3531 1209 3590 venientem
1240 3529 1320 3604 facit,

174 3663 251 3726 quae
273 3662 319 3702 res
341 3641 449 3700 nullius
465 3644 604 3700 momenti
626 3649 676 3701 est.
721 3641 876 3721 Nusquam
898 3639 1024 3700 traditur
1046 3647 1097 3698 aut
1112 3657 1212 3698 omnes
1228 3637 1321 3700 Getas

173 3763 225 3813 aut
246 3761 360 3834 partem
382 3772 482 3812 eorum
510 3750 683 3831 trogodytas
705 3751 803 3810 luisse.
849 3752 960 3810 Poetae
982 3749 1126 3809 vocabulo
1159 3752 1235 3808 antri
1258 3768 1321 3808 sae-

172 3866 241 3943 pius
254 3870 376 3921 utuntur
397 3869 430 3920 ut
449 3880 553 3920 nomen
568 3868 662 3920 terrae
685 3869 735 3919 eut
750 3863 879 3938 regionis
901 3879 960 3917 non
975 3859 1148 3938 simpliciter
1171 3867 1200 3916 et
1215 3865 1322 3936 aperte,

174 3970 225 4032 sod
249 3992 301 4050 per
323 3969 464 4028 ambitum
487 3969 640 4029 verborum
664 3969 842 4042 describant3
875 3967 912 4027 de
933 3969 1026 4047 ipsius
1048 3965 1183 4026 vocabuli
1208 3970 1237 4024 vi
1262 3987 1321 4024 orn-

172 4087 243 4142 nino
273 4081 347 4138 nihil
377 4082 436 4138 iam
466 4087 597 4158 superest
626 4082 657 4137 in
688 4079 740 4138 tali
769 4098 889 4139 conexu.
934 4076 978 4136 of.
1002 4076 1163 4136 Rothstein.
1189 4073 1225 4132 ad
1251 4075 1323 4152 Pro.

172 4199 245 4272 pert.
268 4190 284 4248 I
311 4193 336 4262 1,
349 4214 385 4253 ιι.
437 4188 573 4248 Valerius
606 4188 663 4246 hoc
693 4187 868 4247 vocabulum
898 4184 985 4244 valde
1016 4184 1167 4243 adamasse
1199 4181 1323 4256 videtur,

173 4305 277 4376 quater
319 4315 353 4354 eo
391 4297 434 4353 ita
471 4296 563 4353 ut‘tur
601 4301 634 4353 ut
671 4292 827 4372 descripsi,
866 4292 1007 4354 V1618.
1056 4289 1173 4351 V179.
1212 4287 1322 4350 1576.

173 4402 207 4463 II
232 4404 302 4463 318.
