3190 4956
802 273 819 329 a

229 447 305 509 aliae
326 467 387 524 res,
411 469 479 507 nam
495 447 621 524 catalogi
636 467 722 506 eausa
737 445 811 504 libro
827 444 1022 525 geographico
1038 465 1107 505 usus
1120 464 1173 524 per
1188 453 1282 505 totum
1297 467 1370 526 opus

229 577 276 617 ras
297 557 508 637 geographicas
530 555 598 616 inde
617 563 748 634 sumptas
778 557 895 612 carmini
920 551 1074 612 admiscet:
1095 573 1167 634 aqua
1189 573 1220 612 re
1242 553 1376 630 efficitur,

230 673 263 722 ut
297 664 376 722 illius
423 667 548 725 auctoris
579 664 744 740 ¹fragmenta
776 682 813 722 ex
846 670 907 722 toto
941 665 1068 722 carmine
1100 661 1274 738 conligenda
1310 666 1377 724 sint.

230 768 370 844 Quaestio
401 769 438 828 de
461 774 667 833 auctoreziron
692 767 817 845 ‘indigna
847 776 891 826 est
912 786 988 847 quac
1018 774 1166 840 tractetur,
1196 786 1262 825 cum
1291 769 1379 826 istam

231 875 474 954 chorographiam
490 879 637 954 egregiam
652 895 723 936 esse
745 883 893 955 appareat,
917 883 946 934 et
960 874 1118 934 nonnullae
1139 893 1186 934 res
1208 881 1238 932 et
1259 876 1378 933 nomina

230 984 361 1059 gentium
394 982 431 1041 ab
468 1003 525 1042 uno
557 983 676 1043 Valerio
707 982 792 1041 nobis
822 981 984 1042 tradantur.
1035 982 1071 1040 In
1103 982 1159 1041 hae
1191 1002 1224 1042 re
1251 983 1378 1044 editores

231 1071 334 1169 parum
363 1091 554 1169 profecerunt.
600 1091 765 1168 Langenus,
792 1093 839 1148 cui
861 1092 1061 1149 recentissima
1083 1088 1172 1148 editio
1195 1089 1325 1167 debetur,
1346 1095 1377 1151 in

232 1202 439 1259 commentario
455 1201 582 1257 animum
605 1198 643 1256 ad
665 1218 711 1257 res
724 1197 935 1276 geographicas
958 1216 1073 1276 quoque
1087 1195 1230 1273 intendit3
1254 1198 1291 1258 de
1311 1202 1376 1258 uni·

231 1326 314 1366 verso
337 1316 434 1366 autem
456 1308 590 1384 catalogo
611 1328 671 1366 non
693 1308 838 1386 quaesivit
864 1306 1000 1386 locosque
1028 1325 1066 1364 ex
1088 1305 1155 1364 aliis
1185 1306 1374 1385 scriptoribus

229 1411 399 1492 desumptos
422 1433 495 1492 quos
511 1412 631 1472 adnotat
646 1434 705 1471 non
728 1432 766 1471 ex
781 1410 915 1470 omnibus
931 1413 982 1491 qui
998 1409 1185 1490 comparandi
1201 1419 1270 1472 sunt
1285 1411 1374 1488 elegit

234 1521 285 1582 sed
307 1542 418 1601 paucos
440 1519 527 1600 prout
549 1522 608 1580 fors
640 1525 665 1581 ei
690 1521 795 1580 obtulit
817 1523 1023 1580 commentario
1044 1523 1180 1595 inseruit3
1211 1518 1251 1578 ,de
1273 1520 1384 1583 choro-r

231 1629 372 1708 graphiae
385 1628 485 1689 indole
507 1639 536 1689 et
552 1639 669 1689 auctore
691 1630 773 1705 nihil,
796 1628 833 1688 de
855 1628 978 1706 singulis
999 1628 1086 1688 rebus
1099 1649 1203 1707 parum
1223 1626 1283 1686 fida
1306 1628 1375 1688 inde

233 1734 378 1799 discimus.
423 1735 671 1810 Muellenhoffius,
702 1739 750 1816 qui
781 1737 891 1814 primus
920 1734 1147 1813 chorographias
1176 1741 1307 1794 veterum
1335 1712 1386 1794 ital

234 1847 409 1924 perquisivit
430 1851 463 1906 ut
485 1842 522 1904 de
544 1845 581 1902 iis
602 1851 681 1904 reete
702 1841 832 1901 iudicare
854 1845 1005 1920 possimus,
1028 1844 1059 1899 in
1082 1843 1288 1922 antiquitatum
1303 1839 1376 1901 Ger·

233 1955 412 2012 manicarum
434 1951 492 2012 vol.
514 1952 563 2016 111
595 1951 632 2011 de
663 1950 877 2029 chorographia
908 1968 1023 2030 quoque
1052 1971 1070 2008 a
1093 1949 1212 2009 Valerio
1239 1962 1378 2031 usurpata

234 2063 433 2142 quaestionem
453 2062 651 2138 perstringens
673 2079 690 2118 e
713 2058 831 2118 Sallusti
856 2056 921 2116 Situ
936 2057 1025 2116 Ponti
1048 2060 1110 2116 eius
1133 2059 1274 2133 originem
1297 2079 1377 2138 repe-

231 2169 318 2228 tebat.
365 2165 505 2239 Quaestio
529 2187 547 2224 a
569 2166 623 2224 tali
652 2169 716 2224 viro
749 2171 947 2229 consummata
975 2167 1140 2244 impugnari
1171 2169 1288 2246 nequit,
1319 2171 1382 2238 nisi,

230 2287 292 2338 toto
316 2279 444 2337 carmine
462 2284 604 2356 quatenus
626 2273 664 2333 ad
688 2275 930 2353 chorographiam
944 2277 1071 2353 pertinet
1085 2282 1272 2353 pertractato.
1319 2277 1375 2336 Mi-

233 2389 312 2446 nima
334 2388 439 2445 mirum
462 2392 506 2442 est
528 2382 667 2442 nonnulla
690 2400 755 2440 eum
784 2380 907 2456 fugisse,
938 2400 1004 2439 cum
1035 2400 1093 2451 non
1126 2399 1160 2438 ea
1190 2388 1320 2463 quaestio
1351 2391 1378 2446 ei

233 2495 383 2571 proposita
414 2491 515 2564 fuerit,
549 2498 582 2547 ut
612 2497 705 2548 totum
727 2487 880 2559 Valerium
912 2496 1044 2561 accurate
1066 2491 1252 2568 perquireret.
1298 2475 1384 2569 Data

233 2619 321 2680 opera
345 2599 446 2667 Peters
467 2602 499 2667 in
522 2597 730 2658 dissertatione·
755 2617 808 2656 sua
835 2601 869 2654 de
891 2599 919 2654 0.
948 2600 1051 2656 Valerii
1074 2599 1169 2657 Flacci
1191 2604 1248 2657 aito
1270 2610 1295 2659 et
1316 2619 1378 2658 cor·

232 2715 305 2772 aeine
339 2710 447 2786 scripta
479 2706 657 2785 (Regimonti
682 2705 778 2784 1890)
808 2703 878 2764 inde
911 2726 929 2762 a
952 2725 979 2783 p.
1005 2709 1044 2764 60
1059 2777 1062 2780 Ι
1078 2705 1115 2767 de
1137 2689 1238 2766 Valeri
1255 2707 1375 2768 studiis

234 2815 436 2894 geographicis
466 2816 546 2892 egit;
567 2815 609 2884 ‚is
641 2820 738 2886 autem
768 2815 1028 2890 argumentationis
1059 2817 1183 2892 speciem
1213 2836 1379 2896 proponens

233 2921 408 3001 persuadere
438 2941 496 2979 non
521 2928 626 2999 ‚potest
648 2919 801 2999 Agrippae
830 2903 1219 2998 chorographiamlllalerio
1250 2922 1375 2983 subesse.

235 3027 300 3104 Ego
327 3026 383 3101 ‘de'
406 3029 520 3104 integro
551 3045 626 3085 rem·
641 3029 806 3085 universam
843 3034 1020 3085 tractaturus
1049 3046 1150 3087 omnes
1181 3028 1241 3088 fere
1270 3017 1377 3111 Roma·

234 3155 335 3209 norum
357 3144 388 3210 et
411 3134 594 3210 Graecorum·
618 3119 772 3217 scriptores
799 3138 961 3216 perquisivi
993 3157 1087 3216 neque
1119 3137 1220 3197 titulos
1245 3125 1378 3220 neglexi,

234 3252 267 3304 ut
289 3247 404 3322 integra
420 3248 541 3304 materia
564 3265 632 3304 usus
656 3245 693 3304 ad
714 3265 775 3305 rem
791 3244 967 3306 accederem.
1008 3231 1168 3325 Inprimis
1184 3248 1380 3327 quaerendum

237 3343 280 3438 est
303 3343 349 3412 cui
374 3358 495 3434 tempori
518 3353 719 3414 adscribenda
741 3359 779 3414 sit
802 3351 1014 3444 chorographia
1037 3375 1166 3436 quasque
1190 3365 1281 3416 terras
1303 3378 1379 3417 com-

233 3461 322 3544 plexa
344 3466 388 3521 sit.
425 3463 574 3522 Valerium
591 3464 756 3541 catalogum
780 3484 863 3522 surum
886 3466 944 3522 iam
967 3472 1092 3544 aposta
1116 3475 1314 3545 comparatum
1336 3459 1381 3526 inss

238 3573 351 3630 venisse
382 3573 501 3630 minime
532 3574 593 3630 veri
623 3572 716 3649 simile
742 3581 792 3631 est.
839 3571 990 3650 Cogitare's
1021 3572 1058 3632 de
1080 3574 1211 3633 Varrone
1234 3575 1378 3652 Atacino,

238 3678 330 3739 Varro
372 3682 448 3738 enim
487 3690 515 3739 et
539 3680 741 3764 vArgonautas
779 3685 896 3761 scripsit
934 3691 963 3740 et
1001 3671 1250 3764 Chorographiam
1290 3689 1379 3746 versi-

236 3786 289 3846 bus
327 3786 504 3847 hexametris
541 3787 672 3848 confecit.
726 3789 763 3848 In
798 3799 935 3870 promptu
972 3799 1016 3849 est
1054 3795 1182 3870 cogitare
1217 3794 1380 3854 Varronem

235 3902 267 3953 ut
290 3904 404 3972 poetam
427 3893 545 3953 doctum
575 3898 656 3955 etin
678 3897 880 3976 geographicis
902 3906 1075 3976 occupatum
1097 3899 1261 3979 catalogrun
1291 3901 1378 3960 huius

234 4001 313 4060 modi
337 4006 367 4060 in
391 4003 579 4081 Argonautas
602 4024 668 4063 suos
691 4009 847 4086 recepisse,
870 4001 1023 4066 Valerium
1043 4009 1121 4068 hunc
1144 4010 1309 4088 catalogum
1332 4012 1380 4072 vel

234 4113 378 4187 integrum
410 4103 457 4171 vel
487 4101 665 4172 deminutum
701 4115 749 4174 vel
781 4135 817 4174 ex
849 4114 1071 4195 Chorographia
1108 4118 1159 4176 illa
1191 4129 1308 4179 auctum
1346 4124 1378 4180 in

235 4239 319 4276 suum
343 4239 457 4280 carmen
480 4221 669 4281 transtulisse.
716 4222 799 4298 Quae
821 4231 919 4283 tamen
943 4228 1109 4286 coniectura
1124 4228 1320 4306 compluribus
1343 4230 1380 4291 de

236 4331 331 4386 causis
353 4329 501 4389 reicienda
524 4339 583 4406 est,
613 4339 642 4389 et
664 4332 725 4391 sole
748 4332 855 4391 clarius
878 4318 934 4418 est⁸
945 4335 1067 4412 Vergilii
1093 4337 1258 4414 catalogum
1281 4357 1378 4398 exem-

234 4436 314 4514 plum
339 4419 457 4498 Valerio
486 4438 669 4518 praebuisse,
701 4449 730 4500 et
759 4459 834 4520 quae
863 4440 899 4501 de
929 4451 1023 4503 aetate
1046 4447 1187 4516 auctoris,
1201 4464 1239 4512 ex
1253 4446 1378 4528 ‚Valerio
