3190 4956
780 300 822 368 36

231 474 355 544 videtur.
400 475 490 540 Vides
518 481 727 557 praestantiam
756 483 882 540 auctoris
915 483 965 560 qui
994 479 1123 540 tantulus
1153 499 1199 540 res
1222 478 1374 561 descripsit

230 607 303 666 quas
332 587 383 646 alii
405 587 566 666 geographi
597 595 648 648 aut
677 609 736 648 non
758 597 902 648 noverunt
930 597 981 648 aut
1011 597 1130 669 propter
1158 588 1372 667 ignobilitatem

223 712 286 751 non
309 691 413 772 dignas
440 693 585 773 putabant
606 713 681 774 quae
711 696 742 752 in
758 693 897 774 Scythiae
919 693 1141 774 descriptionem
1169 698 1371 775 reciperentur,

317 801 390 860 Cessi
421 799 478 878 (VI
511 798 591 879 130).
638 798 811 860 Coniectura
846 802 953 862 Cossaei
984 803 1056 860 satis
1086 800 1289 880 improbabilis
1317 821 1370 882 pro

230 910 349 968 Cessante
370 906 439 968 inde
467 915 537 967 nata
560 907 706 988 estquod
735 911 792 967 viri
815 907 895 970 docti
916 918 1032 988 gentem
1055 909 1209 970 Cossorum
1236 930 1296 970 non
1318 931 1370 970 no-

229 1024 348 1076 verunt:
379 1016 415 1076 ab
448 1017 580 1077 omnibus
612 1016 685 1080 haec
708 1036 779 1094 gens
808 1019 975 1096 ignoratur,
997 1018 1095 1077 nullus
1126 1021 1199 1078 situs
1230 1017 1370 1099 depictus,

228 1125 326 1185 nullus
356 1126 431 1187 liber
453 1125 607 1188 Cessorum
635 1145 739 1188 nomen
764 1129 907 1202 continet;
936 1134 1033 1188 tamen
1056 1125 1174 1208 probari
1202 1135 1300 1209 potest
1322 1147 1370 1188 eos

228 1233 317 1295 fluisse
340 1243 368 1295 et
399 1234 505 1316 quibus
539 1233 707 1313 regionibus
739 1233 824 1294 sedes
854 1233 1015 1296 habuerint.
1061 1235 1130 1295 Non
1159 1256 1230 1296 casu
1259 1233 1369 1295 accidit

227 1343 306 1424 quod
326 1364 425 1405 omnes
448 1353 581 1408 auctores
604 1347 654 1425 qui
670 1344 823 1406 Cossorum
844 1363 950 1406 nomen
971 1343 1056 1405 nobis
1071 1353 1262 1405 servaverunt
1282 1345 1370 1424 primi

225 1462 291 1535 post
313 1453 346 1514 C.
369 1455 478 1516 saeculi
507 1464 574 1515 sunt
605 1455 684 1534 (nam
706 1454 825 1514 Tabula
850 1455 1078 1533 Pentingeriana
1110 1475 1225 1535 quoque
1256 1455 1293 1514 ab
1315 1455 1368 1514 illa

227 1571 322 1623 aetate
352 1563 511 1643 repetitur).
566 1563 645 1624 Mela
675 1563 709 1622 II
743 1567 815 1638 ips:
850 1584 933 1638 asper
966 1566 1098 1638 Caspium
1129 1571 1222 1625 auum
1257 1566 1369 1626 Conari

225 1675 401 1748 Messapetae
424 1675 528 1733 Cadaei
550 1676 679 1750 Hyrcerei
701 1677 817 1747 Hiberi,
847 1693 930 1748 seper
951 1677 1110 1734 Amazones
1131 1683 1157 1733 et
1178 1677 1370 1751 Hyperboreos

226 1784 369 1860 Cimmerii
391 1777 495 1855 Cissi1)
526 1787 615 1842 Anthi
637 1785 741 1843 Astraei
764 1790 814 1841 etc.
840 1782 915 1841 Plin.
939 1783 984 1842 VI
1008 1783 1046 1842 85
1078 1787 1250 1860 Hyperborei
1272 1788 1368 1844 Arim-

218 1897 305 1966 phaei
328 1937 406 1953 ....
428 1897 504 1952 adire
526 1913 569 1952 eos
586 1897 672 1966 pierre
693 1897 751 1951 iare
773 1895 894 1969 Scythae,
920 1893 1069 1965 Cimmerii,
1095 1894 1172 1966 dest,
1194 1898 1292 1968 Aurei,
1315 1897 1368 1954 Ge·

223 2007 298 2078 erpi,
329 2012 354 2062 et
374 2006 548 2079 Amareream
578 2023 654 2077 pens.
700 2005 778 2060 Haec
807 2022 893 2076 esque
924 2007 962 2060 ad
984 2005 1115 2075 Caspium
1144 2013 1169 2062 et
1191 2007 1369 2080 Hyreoeriom

223 2130 307 2171 mere.
352 2109 428 2170 Plin.
445 2108 492 2170 VI
516 2113 601 2170 illes.
626 2109 662 2169 de
683 2108 801 2188 populis
823 2130 913 2190 supra
925 2110 1053 2170 Pontum
1076 2118 1106 2170 et
1120 2109 1283 2171 Caucasum
1305 2113 1369 2170 sitis

223 2218 295 2279 haee
318 2217 404 2278 dicit:
437 2222 525 2288 „Sient
548 2226 597 2293 qod
618 2225 691 2279 circe
713 2223 847 2279 Maeotim
877 2223 915 2278 ad
939 2221 1092 2280 Caesaries
1112 2231 1215 2280 montes
1236 2225 1287 2279 tes
1308 2230 1367 2280 tra·

223 2328 294 2385 deest
314 2335 426 2401 peotes:
460 2349 479 2384 a
507 2331 584 2385 litore
615 2329 739 2398 Napitas
769 2345 908 2400 sospesque
940 2330 1093 2387 Essedones
1125 2330 1227 2387 Ooklde
1258 2333 1366 2387 ireredos

222 2441 357 2496 moutam
379 2439 584 2508 commeritum
614 2439 679 2495 deire
701 2437 850 2508 Camacas,
883 2439 1009 2508 Ordesos,
1032 2441 1172 2510 Actaeos,
1196 2440 1366 2508 Mareoticae,

221 2545 381 2620 Caetioeds,
404 2549 591 2620 Apamatdas,
616 2549 710 2618 Pieos,
743 2549 907 2618 Himoealos,
931 2548 1140 2604 Aeoseomareos
1169 2554 1195 2606 et
1225 2547 1265 2604 od
1294 2551 1366 2622 iupa

222 2655 342 2714 damasi
362 2657 501 2728 diceutes,
526 2659 701 2726 laudaticos,
725 2658 1019 2728 admouerentur,
1043 2657 1158 2731 Tydeos,
1183 2649 1367 2731 decusas,

222 2768 418 2839 deaurata,
449 2763 578 2840 Leporem
600 2784 709 2824 emnem
741 2785 774 2824 ere
794 2769 933 2824 montibus
955 2765 1063 2824 Catheis
1095 2770 1127 2824 ire
1149 2785 1228 2838 quem
1262 2769 1367 2838 defleat

222 2874 359 2948 Opharus,
381 2877 421 2933 tte·
442 2883 534 2948 peotes
559 2874 726 2947 deneradas,
751 2875 909 2946 Opboritrrs,
932 2893 1026 2931 amnes
1047 2875 1272 2946 Mereorrtherrem,
1296 2877 1366 2934 Imi-

221 2987 302 3058 ttpea
325 3001 357 3042 ere
378 2987 514 3042 mentibus
532 2984 634 3042 Cissiis.
679 2981 745 3040 Hos
760 2980 870 3040 Cissios
884 2988 997 3041 montes
1011 2979 1228 3040 Miilleuhoffius
1250 3001 1365 3062 quoque

219 3093 311 3167 nevit,
333 3091 382 3149 III
404 3111 433 3170 p.
448 3093 487 3150 62
511 3089 585 3166 adn,
607 3100 696 3168 negat
718 3098 815 3150 autem
837 3092 1003 3150 coniectura
1025 3089 1077 3148 illa
1101 3098 1203 3170 captus
1226 3109 1275 3150 eos
1298 3111 1364 3151 cum

219 3198 316 3259 Cessis
339 3199 555 3277 coniungendas
577 3219 646 3260 esse.
692 3200 844 3260 Sententia
872 3219 938 3260 mea
961 3202 1068 3279 optime
1091 3199 1222 3259 firmatur
1244 3201 1362 3260 Tabula

216 3307 453 3387 Peutingsriana,
476 3328 551 3391 quae
573 3309 700 3387 benigno
722 3329 792 3368 casu
814 3327 920 3368 nomen
936 3307 1090 3368 Cossorum
1113 3307 1198 3367 nobis
1220 3313 1362 3369 servavit:
1431 3377 1432 3382 ἵ

217 3419 248 3476 in
272 3415 396 3478 Caucasi
417 3427 501 3500 parte
528 3417 703 3479 occidentali
726 3439 743 3477 a
765 3426 848 3498 parte
879 3417 1012 3477 orientali
1035 3417 1252 3478 Heniochorum
1275 3439 1362 3499 supra

216 3523 318 3583 urbem
349 3524 495 3604 quandam
516 3523 741 3584 Phamacorium
769 3524 893 3601 legimus
916 3543 1020 3583 nomen
1043 3526 1144 3584 Cirtam.
1190 3523 1247 3583 His
1270 3527 1364 3584 omnis

216 3629 271 3690 bus
301 3632 374 3690 locis
409 3631 541 3691 firmatur
569 3632 674 3692 Cessas
704 3632 802 3692 fuisse.
847 3631 1020 3690 Incolebant
1051 3631 1160 3692 clivum
1190 3636 1362 3712 septentrio-

216 3739 312 3798 nalem
335 3739 467 3800 Caucasi.
512 3738 549 3798 Id
571 3738 650 3819 quod
672 3739 779 3819 protuli
801 3741 861 3797 iam
884 3735 1076 3797 Schraderum
1099 3743 1277 3819 suspicatum
1300 3759 1363 3802 esee

215 3847 337 3926 opinor,
368 3847 486 3904 namin
511 3845 640 3905 Hermae
661 3846 718 3905 vol.
738 3845 770 3904 Il
793 3865 822 3925 p.
844 3847 906 3903 142
929 3844 1051 3922 legimus
1074 3849 1270 3906 coniecturam
1293 3849 1355 3906 eius

213 3957 391 4030 &tempere
411 3976 520 4030 moras,
550 3975 638 4035 quam
659 3957 750 4034 recipi
772 3972 887 4014 necesse
914 3961 964 4014 est.
1011 3953 1054 4013 Cf.
1077 3973 1097 4012 s.
1121 3975 1147 4012 v.
1171 3954 1328 4016 Cimmerii.

257 4127 258 4130 ,
301 4063 373 4123 Noli
388 4061 564 4124 confundere
586 4081 652 4122 cum
674 4060 720 4120 his
735 4059 838 4120 Cissiis
860 4061 971 4120 incolas
994 4061 1093 4140 oppidi
1110 4061 1211 4124 Cissea
1231 4064 1270 4124 ad
1285 4065 1357 4126 litus

286 4308 312 4380 1)
329 4303 458 4365 Editores
478 4305 568 4365 ethic
587 4311 615 4366 et
634 4301 708 4379 apud
729 4303 846 4363 Plinium
865 4318 915 4378 per
934 4318 1055 4363 emerem
1075 4303 1198 4363 scribunt
1212 4305 1357 4364 cisianthi.

214 4399 249 4459 cf.
276 4399 435 4460 Schrader:
467 4402 596 4474 Beitrtge
623 4417 673 4458 rur
700 4401 794 4457 Kritik
822 4401 872 4457 der
900 4400 1107 4471 chorographie
1134 4399 1182 4456 des
1215 4404 1359 4471 Augustus

214 4497 308 4556 Partis
326 4497 441 4555 alterius
459 4515 486 4570 p.
498 4500 557 4554 4sa.
577 4500 601 4554 9.
620 4500 662 4554 23.
682 4499 725 4553 di.
789 4561 791 4567 Α
