3190 4956
809 223 848 286 ta

231 405 368 464 maticam
389 401 557 483 nympham.
602 402 664 462 VH
688 404 748 461 235
784 400 931 459 indicatur
961 399 1110 460 Sarmatas
1141 398 1279 460 finitimos
1311 395 1378 458 001-

234 514 354 572 cho'rum
376 531 446 571 esse.
493 507 577 583 Quae
600 512 698 568 omnia
720 528 789 568 vera
812 515 887 570 sunt.

322 620 522 680 Sarmatarum
545 618 670 699 populus
692 620 837 677 maximus
861 626 931 689 erat,
956 619 1005 697 qui
1027 617 1185 697 permultas
1207 626 1308 696 gentes
1321 638 1379 678 uno

234 733 350 790 nomine
384 727 649 810 complectebatur3
682 726 761 787 ande
795 727 920 786 efficitur
948 733 981 785 ut
1011 729 1166 806 scriptores
1198 748 1258 786 non
1291 726 1380 788 semel

234 839 318 895 varia
351 835 388 896 de
422 839 459 896 iis
490 835 605 896 tradere
633 833 789 894 videantur
820 855 996 914 quamquam
1025 855 1084 893 non
1107 836 1191 893 varia
1213 842 1289 894 sunt.
1335 833 1379 895 Of.

234 945 312 1004 Plin.
336 945 380 1004 lv
405 948 442 1002 81
468 947 634 1021 Scytharum
652 963 752 1001 uomeu
772 962 968 1016 usquequaque
990 948 1093 1000 tramit
1114 947 1147 1000 iu
1168 945 1313 1000 Sarmatas
1334 951 1377 1001 at·

238 1076 291 1130 que
311 1058 471 1114 Germanos.
525 1056 583 1112 Nec
611 1057 675 1112 aliis
705 1057 797 1124 prisca
829 1056 877 1110 illa
905 1055 1018 1110 durarit
1047 1055 1192 1123 appellatio
1224 1073 1309 1125 quam
1332 1057 1381 1125 qui

237 1171 350 1225 extremi
376 1170 500 1239 qeutium
532 1167 633 1221 barum
662 1169 751 1237 iquoti
771 1181 859 1235 prope
881 1167 974 1220 ceteris
996 1165 1157 1220 monialibus
1179 1164 1289 1234 dequut.
1335 1160 1380 1221 VI

240 1274 278 1351 19
302 1275 458 1344 Sarmatae,
481 1275 637 1344 Medorum,
660 1281 692 1330 ut
713 1276 818 1344 seruat,
840 1274 952 1342 suboles,
983 1279 1008 1328 et
1035 1275 1090 1343 ipsi
1112 1275 1145 1328 iu
1167 1275 1254 1328 muita
1275 1291 1379 1345 qemera

237 1385 327 1443 diuisi.
372 1381 417 1440 VI
441 1384 481 1439 38
506 1384 582 1440 Hiue
605 1383 744 1439 Nomades
767 1391 791 1438 et
813 1382 996 1438 Sauromatae
1019 1385 1112 1438 multis
1140 1385 1305 1452 uomiuibus,
1345 1385 1378 1438 il·

236 1495 292 1548 iiuc
312 1493 421 1549 Abzoae
442 1510 499 1548 aaa
517 1493 706 1563 paucioribus.
752 1488 861 1548 MelaI
886 1492 983 1562 19,1a
1006 1492 1096 1562 Ripas
1118 1495 1177 1548 eius
1195 1492 1380 1550 Sauromatae

238 1609 264 1658 et
292 1605 364 1673 ripis
394 1604 538 1658 baereutia
564 1603 713 1673 possideat,
744 1620 805 1657 maa
827 1619 893 1672 qeus
915 1603 1020 1672 aliquot
1038 1603 1136 1672 populi
1159 1608 1183 1656 et
1207 1603 1310 1672 aliquot
1332 1620 1382 1658 uo-

239 1714 325 1767 miua.
377 1706 574 1766 Sarmatarum
607 1708 697 1784 igitur
729 1725 835 1765 nomen
865 1706 970 1765 multas
1001 1714 1103 1781 gentes
1127 1706 1310 1785 complexum
1332 1716 1383 1782 est,

238 1834 332 1895 neque
353 1817 460 1873 miram
483 1822 527 1874 est
547 1817 626 1872 intra
647 1813 719 1872 fines
743 1789 941 1873 Sarmatarum
963 1822 1064 1890 gentes
1086 1816 1206 1892 reperiri
1240 1834 1314 1894 quae
1346 1813 1383 1874 ab

241 1924 308 1982 aliis
330 1922 520 2002 scriptoribus
536 1924 624 1982 etiam
639 1922 755 2002 Scythis
773 1921 986 1981 adtribuantur.
1031 1921 1175 1981 Herodoti
1193 1931 1289 1982 aetate
1306 1922 1384 1981 ultra

241 2034 358 2092 Tanain
390 2031 573 2106 incolebant,
606 2030 684 2091 unde
713 2033 858 2111 progressi
880 2032 1022 2111 paulatim
1045 2029 1225 2091 occidentem
1247 2031 1386 2112 petebant

243 2142 362 2222 Scythis
385 2140 506 2201 adscitis
529 2148 580 2199 aut
602 2145 767 2201 commixtis
790 2150 840 2200 aut
863 2140 983 2201 deletis:
1006 2144 1176 2221 saepissime
1198 2141 1235 2200 ab
1258 2161 1292 2201 eo
1314 2150 1386 2202 tem-

241 2270 313 2332 pore
336 2251 461 2330 Scythas
492 2271 559 2309 cum
581 2249 722 2310 Sarmatis
752 2250 890 2310 oonfirndi
925 2260 955 2311 et
981 2251 1033 2309 alii
1055 2249 1161 2311 docent
1182 2260 1212 2311 et
1232 2251 1320 2311 Diod.
1344 2251 1388 2312 IV

243 2361 294 2434 45,
309 2386 322 2424 4
345 2360 402 2419 τῶν
418 2355 594 2441 Σαρματῶν,
619 2355 668 2428 οὓς
685 2355 756 2420 ἔνιοι
772 2355 893 2429 Σκύθας
909 2358 1173 2443 προσαγορεύουσι.
1211 2361 1305 2420 Strab.
1323 2363 1385 2421 492

244 2463 407 2550 Σαρμάται,
431 2461 483 2528 καὶ
506 2463 587 2528 οὗτοι
603 2464 727 2528 Σκύθαι.
773 2467 1047 2529 Mithradaticorum
1069 2469 1210 2529 bellorum
1233 2477 1328 2530 aetate
1350 2468 1389 2529 ad

244 2577 353 2637 Istrum
375 2575 504 2635 nondum
526 2586 733 2656 pervenerant3
758 2599 934 2658 quamquam
949 2577 1104 2658 Appianas
1127 2598 1177 2639 eos
1200 2599 1287 2659 saepe
1310 2600 1387 2640 com-

244 2695 384 2747 memorat
407 2685 517 2765 (Mithr.
545 2689 592 2746 15.
620 2689 666 2746 19.
691 2691 742 2748 41.
767 2688 815 2746 57.
842 2689 889 2746 69.
916 2689 1081 2747 117.119.
1113 2688 1187 2766 120)
1221 2695 1318 2748 tamen
1352 2708 1388 2748 ex

142 2861 145 2866 ,
244 2794 326 2854 nullo
348 2794 413 2854 loco
436 2793 570 2854 concludi
592 2803 690 2875 potest
713 2795 860 2855 Sarmatas
882 2793 921 2853 ad
943 2775 1051 2854 Isturm
1077 2794 1179 2872 fuisse3
1212 2805 1311 2854 contra
1340 2795 1389 2856 de·

245 2907 402 2964 monstrari
430 2913 529 2984 potest
557 2923 607 2964 eos
629 2913 690 2963 tum
713 2904 821 2964 Istrum
843 2903 972 2963 nondum
995 2907 1133 2982 attigisse.
1179 2905 1285 2964 Florus
1308 2905 1323 2964 1
1347 2907 1386 2965 39

247 3013 300 3092 (--·
325 3012 373 3071 III
397 3011 428 3091 4)
451 3021 565 3072 narrat:
599 3017 710 3087 Appius
741 3011 808 3092 (cos.
833 3014 886 3092 79)
920 3019 952 3073 iu
979 3016 1125 3074 Sarraataa
1154 3034 1240 3089 usque
1258 3019 1390 3090 peraruit,

246 3126 380 3181 Lucullus
411 3127 449 3181 ad
481 3129 631 3182 termimum
661 3129 786 3197 qautium
808 3127 922 3182 Tauaiu
943 3129 1086 3198 lacumque
1109 3128 1244 3184 Maeotia.
1292 3123 1391 3183 Verba

245 3234 279 3288 iu
312 3230 459 3287 Sarmatas
495 3249 581 3304 usque
610 3235 736 3303 peraeuit
767 3248 827 3286 non
860 3228 1035 3305 significant.
1062 3227 1192 3310 Appium
1222 3229 1391 3288 Danuvium

245 3335 403 3407 transisse,
436 3336 505 3413 quia
534 3334 622 3413 paulo
652 3343 719 3394 ante
741 3334 937 3392 Romanorum
965 3332 1074 3392 bellum
1103 3336 1134 3392 in
1159 3334 1252 3392 Dacia
1274 3341 1389 3412 gestum

247 3450 405 3502 enarratur.
451 3443 600 3502 Firmatur
621 3442 694 3502 haee
715 3445 859 3503 sententia
882 3442 1012 3523 Appiani
1043 3463 1105 3523 cap.
1131 3443 1169 3501 57
1180 3488 1187 3517 ,
1225 3444 1275 3521 qui
1313 3445 1391 3502 inter

249 3549 382 3609 Thracas
405 3559 434 3610 et
457 3549 606 3610 Sarmatas
629 3550 755 3630 Scythas
777 3551 951 3630 interponit3
974 3569 1010 3609 ex
1034 3570 1095 3630 cap.
1120 3553 1159 3610 69
1184 3559 1305 3630 apparet
1328 3549 1394 3610 Sar·

248 3668 343 3718 mutas
366 3660 404 3718 ad
426 3659 544 3718 Tanain
566 3659 662 3720 fuisse.
707 3659 846 3720 Reinaoh.
875 3680 901 3739 p.
927 3663 982 3720 64:
1013 3661 1071 3719 Die
1094 3660 1253 3734 Sarmaten,
1283 3659 1394 3720 welche

246 3768 323 3827 noch
346 3788 411 3827 zum
434 3775 567 3847 grbssten
590 3767 658 3827 Tcil
679 3765 832 3826 Nomadan
860 3788 972 3842 waren,
1007 3767 1180 3828 bewohnten
1213 3763 1266 3825 das
1288 3765 1394 3827 Gebiet

248 3873 300 3936 des
323 3876 435 3934 Tanais
458 3875 551 3954 (Dou)
574 3873 633 3933 und
657 3872 708 3933 des
730 3874 828 3952 Tyras
851 3873 1000 3952 (DnJ'estr).
1045 3873 1074 3932 A
1097 3874 1234 3935 Danuvio
1263 3875 1316 3934 illa
1348 3894 1394 3935 ae·

249 3992 310 4044 tate
332 3985 494 4044 Bastarnae
517 3983 666 4044 Sarmatas
696 3979 901 4056 secemebant3
933 4001 1020 4062 quam
1051 4001 1111 4042 rem
1141 3989 1220 4041 recte
1249 3980 1396 4040 intellexit

250 4099 280 4152 et
309 4090 444 4171 depinxit
474 4089 614 4152 Reinaoh.
660 4089 811 4149 Sarmatae
841 4091 934 4166 igitur
956 4088 1143 4149 Mithradatis
1171 4095 1267 4148 aetate
1288 4087 1396 4146 Istrum

249 4198 380 4258 nondum
403 4199 595 4278 attingebant,
618 4217 712 4278 neque
727 4197 882 4258 Sallustius
905 4216 954 4258 eos
977 4197 1015 4257 ad
1031 4197 1139 4258 Istrum
1161 4216 1269 4278 ponere
1290 4199 1393 4276 potuit.

251 4307 365 4369 Valerii
388 4316 533 4369 auctorem
556 4309 710 4390 posteriori
732 4308 855 4387 tempori
878 4304 1104 4367 adscribendum
1126 4325 1189 4367 esse
1218 4307 1306 4368 etiam
1337 4307 1396 4366 alia

250 4435 284 4478 re
316 4417 433 4478 firmare
464 4435 591 4499 possum.
636 4414 759 4476 Tacitus
790 4422 820 4476 at
840 4409 977 4475 Valerius
1004 4412 1129 4474 insulam
1150 4414 1268 4476 Peucen
1296 4413 1399 4477 eodem
