<?xml version="1.0" encoding="UTF-8"?>
<!DOCTYPE html PUBLIC "-//W3C//DTD XHTML 1.0 Transitional//EN"
    "http://www.w3.org/TR/xhtml1/DTD/xhtml1-transitional.dtd">
<html xmlns="http://www.w3.org/1999/xhtml" xml:lang="en" lang="en">
 <head>
  <title>
</title>
<meta http-equiv="Content-Type" content="text/html;charset=utf-8" />
  <meta name='ocr-system' content='tesseract 3.04.00' />
  <meta name='ocr-capabilities' content='ocr_page ocr_carea ocr_par ocr_line ocrx_word'/>
</head>
<body>
  <div class='ocr_page' id='page_1' title='image "./dechorographiaa00heergoog_0072.png"; bbox 0 0 3190 4956; ppageno 0'>
   <div class='ocr_carea' id='block_1_1' title="bbox 738 255 778 319">
    <p class='ocr_par' dir='ltr' id='par_1_1' title="bbox 738 255 778 319">
     <span class='ocr_line' id='line_1_1' title="bbox 738 255 778 319; baseline 0.025 -1"><span class='ocrx_word' id='word_1_1' title='bbox 738 255 778 319; x_wconf 85' lang='lat'>67</span> 
     </span>
    </p>
   </div>
   <div class='ocr_carea' id='block_1_2' title="bbox 183 423 1437 1376">
    <p class='ocr_par' dir='ltr' id='par_1_2' title="bbox 183 423 1437 1376">
     <span class='ocr_line' id='line_1_2' title="bbox 185 423 1326 519; baseline 0 -29"><span class='ocrx_word' id='word_1_2' title='bbox 185 438 228 491; x_wconf 92' lang='lat' dir='ltr'>est</span> <span class='ocrx_word' id='word_1_3' title='bbox 249 429 287 491; x_wconf 89' lang='lat' dir='ltr'>de</span> <span class='ocrx_word' id='word_1_4' title='bbox 306 429 416 512; x_wconf 90' lang='lat' dir='ltr'>oppido</span> <span class='ocrx_word' id='word_1_5' title='bbox 433 423 577 519; x_wconf 75' lang='grc' dir='ltr'>Κόρᾳλλα</span> <span class='ocrx_word' id='word_1_6' title='bbox 594 431 672 511; x_wconf 89' lang='lat' dir='ltr'>apud</span> <span class='ocrx_word' id='word_1_7' title='bbox 688 429 877 492; x_wconf 79' lang='lat' dir='ltr'>Cerasuntem</span> <span class='ocrx_word' id='word_1_8' title='bbox 892 435 958 507; x_wconf 82' lang='lat' dir='ltr'>sito,</span> <span class='ocrx_word' id='word_1_9' title='bbox 981 431 1048 490; x_wconf 84' lang='lat' dir='ltr'>Arr.</span> <span class='ocrx_word' id='word_1_10' title='bbox 1071 452 1130 512; x_wconf 88' lang='lat' dir='ltr'>per.</span> <span class='ocrx_word' id='word_1_11' title='bbox 1148 435 1198 491; x_wconf 81' lang='lat'>24.</span> <span class='ocrx_word' id='word_1_12' title='bbox 1235 427 1326 491; x_wconf 81' lang='lat' dir='ltr'>Anon.</span> 
     </span>
     <span class='ocr_line' id='line_1_3' title="bbox 183 539 1414 624; baseline 0 -24"><span class='ocrx_word' id='word_1_13' title='bbox 183 560 242 621; x_wconf 91' lang='lat' dir='ltr'>per.</span> <span class='ocrx_word' id='word_1_14' title='bbox 269 543 318 600; x_wconf 82' lang='lat'>36.</span> <span class='ocrx_word' id='word_1_15' title='bbox 365 539 448 615; x_wconf 81' lang='lat' dir='ltr'>Quae</span> <span class='ocrx_word' id='word_1_16' title='bbox 470 539 507 600; x_wconf 89' lang='lat' dir='ltr'>de</span> <span class='ocrx_word' id='word_1_17' title='bbox 529 543 622 620; x_wconf 84' lang='lat' dir='ltr'>signis</span> <span class='ocrx_word' id='word_1_18' title='bbox 643 539 827 600; x_wconf 81' lang='lat' dir='ltr'>Corallorum</span> <span class='ocrx_word' id='word_1_19' title='bbox 849 549 1043 624; x_wconf 20' lang='lat' dir='ltr'>narrantur&#39;a</span> <span class='ocrx_word' id='word_1_20' title='bbox 1058 539 1212 601; x_wconf 82' lang='lat' dir='ltr'>Germanis</span> <span class='ocrx_word' id='word_1_21' title='bbox 1233 549 1327 600; x_wconf 86' lang='lat' dir='ltr'>trans·</span> <span class='ocrx_word' id='word_1_22' title='bbox 1413 540 1414 544; x_wconf 65' lang='grc'>’</span> 
     </span>
     <span class='ocr_line' id='line_1_4' title="bbox 183 627 1437 730; baseline 0.002 -22"><span class='ocrx_word' id='word_1_23' title='bbox 183 649 244 709; x_wconf 88' lang='lat' dir='ltr'>lata</span> <span class='ocrx_word' id='word_1_24' title='bbox 266 657 343 710; x_wconf 90' lang='lat' dir='ltr'>sunt.</span> <span class='ocrx_word' id='word_1_25' title='bbox 389 649 461 708; x_wconf 86' lang='lat' dir='ltr'>Tac.</span> <span class='ocrx_word' id='word_1_26' title='bbox 477 627 543 708; x_wconf 88' lang='lat' dir='ltr'>hist.</span> <span class='ocrx_word' id='word_1_27' title='bbox 560 650 604 710; x_wconf 87' lang='lat' dir='ltr'>IV</span> <span class='ocrx_word' id='word_1_28' title='bbox 621 653 661 709; x_wconf 76' lang='lat'>22</span> <span class='ocrx_word' id='word_1_29' title='bbox 684 655 748 710; x_wconf 78' lang='lat' dir='ltr'>biae</span> <span class='ocrx_word' id='word_1_30' title='bbox 770 660 962 709; x_wconf 79' lang='lat' dir='ltr'>veteranarum</span> <span class='ocrx_word' id='word_1_31' title='bbox 984 657 1134 711; x_wconf 74' lang='lat' dir='ltr'>cohortium</span> <span class='ocrx_word' id='word_1_32' title='bbox 1151 657 1242 727; x_wconf 68' lang='lat' dir='ltr'>atqua,</span> <span class='ocrx_word' id='word_1_33' title='bbox 1262 655 1329 710; x_wconf 79' lang='lat' dir='ltr'>iude</span> <span class='ocrx_word' id='word_1_34' title='bbox 1433 723 1437 730; x_wconf 21' lang='grc' dir='ltr'><strong><em>ι</em></strong></span> 
     </span>
     <span class='ocr_line' id='line_1_5' title="bbox 183 760 1329 833; baseline -0.001 -16"><span class='ocrx_word' id='word_1_35' title='bbox 183 762 357 832; x_wconf 75' lang='lat' dir='ltr'><em>depromptae</em></span> <span class='ocrx_word' id='word_1_36' title='bbox 378 761 451 816; x_wconf 73' lang='lat' dir='ltr'>eduis</span> <span class='ocrx_word' id='word_1_37' title='bbox 472 762 593 830; x_wconf 76' lang='lat' dir='ltr'>lucisque</span> <span class='ocrx_word' id='word_1_38' title='bbox 618 762 746 830; x_wconf 79' lang='lat' dir='ltr'>ferarum</span> <span class='ocrx_word' id='word_1_39' title='bbox 774 760 925 832; x_wconf 78' lang='lat' dir='ltr'>imape’aes,</span> <span class='ocrx_word' id='word_1_40' title='bbox 956 767 989 816; x_wconf 83' lang='lat' dir='ltr'>ut</span> <span class='ocrx_word' id='word_1_41' title='bbox 1022 763 1120 832; x_wconf 74' lang='lat' dir='ltr'>cuique</span> <span class='ocrx_word' id='word_1_42' title='bbox 1147 765 1223 833; x_wconf 74' lang='lat' dir='ltr'>penti</span> <span class='ocrx_word' id='word_1_43' title='bbox 1254 763 1329 816; x_wconf 70' lang='lat' dir='ltr'>taire</span> 
     </span>
     <span class='ocr_line' id='line_1_6' title="bbox 183 862 1327 939; baseline -0.001 -15"><span class='ocrx_word' id='word_1_44' title='bbox 183 871 317 939; x_wconf 81' lang='lat' dir='ltr'>proelium</span> <span class='ocrx_word' id='word_1_45' title='bbox 349 863 407 924; x_wconf 86' lang='lat' dir='ltr'>moa</span> <span class='ocrx_word' id='word_1_46' title='bbox 436 874 481 924; x_wconf 86' lang='lat' dir='ltr'>est.</span> <span class='ocrx_word' id='word_1_47' title='bbox 527 862 625 924; x_wconf 83' lang='lat' dir='ltr'>Germ</span> <span class='ocrx_word' id='word_1_48' title='bbox 650 865 667 921; x_wconf 89' lang='grc'><strong>7</strong></span> <span class='ocrx_word' id='word_1_49' title='bbox 692 869 848 938; x_wconf 72' lang='lat' dir='ltr'>effiyteequc</span> <span class='ocrx_word' id='word_1_50' title='bbox 871 874 896 923; x_wconf 86' lang='lat' dir='ltr'>et</span> <span class='ocrx_word' id='word_1_51' title='bbox 924 871 1007 938; x_wconf 70' lang='lat' dir='ltr'>atqua</span> <span class='ocrx_word' id='word_1_52' title='bbox 1036 869 1173 939; x_wconf 75' lang='lat' dir='ltr'><strong><em>quaedam</em></strong></span> <span class='ocrx_word' id='word_1_53' title='bbox 1203 869 1327 924; x_wconf 83' lang='lat' dir='ltr'>detracta</span> 
     </span>
     <span class='ocr_line' id='line_1_7' title="bbox 184 970 1329 1047; baseline -0.001 -15"><span class='ocrx_word' id='word_1_54' title='bbox 184 978 251 1033; x_wconf 79' lang='lat' dir='ltr'>laets</span> <span class='ocrx_word' id='word_1_55' title='bbox 272 978 305 1032; x_wconf 82' lang='lat' dir='ltr'>ta</span> <span class='ocrx_word' id='word_1_56' title='bbox 321 977 459 1047; x_wconf 81' lang='lat' dir='ltr'>procttam</span> <span class='ocrx_word' id='word_1_57' title='bbox 481 979 585 1044; x_wconf 76' lang='lat' dir='ltr'>sercou.</span> <span class='ocrx_word' id='word_1_58' title='bbox 630 971 708 1030; x_wconf 89' lang='lat' dir='ltr'>Plut.</span> <span class='ocrx_word' id='word_1_59' title='bbox 730 971 842 1030; x_wconf 89' lang='lat' dir='ltr'>Marius</span> <span class='ocrx_word' id='word_1_60' title='bbox 865 974 904 1030; x_wconf 82' lang='lat'>26</span> <span class='ocrx_word' id='word_1_61' title='bbox 930 970 1063 1032; x_wconf 85' lang='lat' dir='ltr'>Cimbros</span> <span class='ocrx_word' id='word_1_62' title='bbox 1076 981 1191 1032; x_wconf 86' lang='lat' dir='ltr'>taurum</span> <span class='ocrx_word' id='word_1_63' title='bbox 1207 992 1329 1032; x_wconf 88' lang='lat' dir='ltr'>aeneum</span> 
     </span>
     <span class='ocr_line' id='line_1_8' title="bbox 185 1074 1330 1159; baseline -0.001 -20"><span class='ocrx_word' id='word_1_64' title='bbox 185 1101 281 1140; x_wconf 90' lang='lat' dir='ltr'>seeum</span> <span class='ocrx_word' id='word_1_65' title='bbox 304 1083 429 1158; x_wconf 82' lang='lat' dir='ltr'>gessisse</span> <span class='ocrx_word' id='word_1_66' title='bbox 456 1088 555 1139; x_wconf 88' lang='lat' dir='ltr'>narrat</span> <span class='ocrx_word' id='word_1_67' title='bbox 570 1074 600 1159; x_wconf 91' lang='lat' dir='ltr'>l).</span> <span class='ocrx_word' id='word_1_68' title='bbox 645 1079 738 1138; x_wconf 90' lang='lat' dir='ltr'>Porro</span> <span class='ocrx_word' id='word_1_69' title='bbox 767 1083 833 1158; x_wconf 89' lang='lat' dir='ltr'>quis</span> <span class='ocrx_word' id='word_1_70' title='bbox 869 1087 913 1138; x_wconf 92' lang='lat' dir='ltr'>est</span> <span class='ocrx_word' id='word_1_71' title='bbox 946 1082 996 1159; x_wconf 90' lang='lat' dir='ltr'>qui</span> <span class='ocrx_word' id='word_1_72' title='bbox 1029 1083 1141 1139; x_wconf 87' lang='lat' dir='ltr'>nesciat</span> <span class='ocrx_word' id='word_1_73' title='bbox 1167 1079 1330 1140; x_wconf 84' lang='lat' dir='ltr'>Germanos</span> 
     </span>
     <span class='ocr_line' id='line_1_9' title="bbox 185 1177 1378 1273; baseline 0 -26"><span class='ocrx_word' id='word_1_74' title='bbox 185 1187 298 1266; x_wconf 89' lang='lat' dir='ltr'>proelia</span> <span class='ocrx_word' id='word_1_75' title='bbox 320 1208 378 1246; x_wconf 91' lang='lat' dir='ltr'>non</span> <span class='ocrx_word' id='word_1_76' title='bbox 401 1195 544 1266; x_wconf 82' lang='lat' dir='ltr'>concentu</span> <span class='ocrx_word' id='word_1_77' title='bbox 566 1206 705 1246; x_wconf 86' lang='lat' dir='ltr'>cornuum</span> <span class='ocrx_word' id='word_1_78' title='bbox 727 1184 778 1246; x_wconf 88' lang='lat' dir='ltr'>sed</span> <span class='ocrx_word' id='word_1_79' title='bbox 800 1186 912 1246; x_wconf 87' lang='lat' dir='ltr'>barritu</span> <span class='ocrx_word' id='word_1_80' title='bbox 933 1185 985 1246; x_wconf 91' lang='lat' dir='ltr'>illo</span> <span class='ocrx_word' id='word_1_81' title='bbox 1017 1191 1194 1250; x_wconf 78' lang='lat' dir='ltr'>commisisse</span> <span class='ocrx_word' id='word_1_82' title='bbox 1207 1187 1239 1273; x_wconf 74' lang='lat'>2).</span> <span class='ocrx_word' id='word_1_83' title='bbox 1285 1188 1330 1248; x_wconf 83' lang='lat' dir='ltr'>Si·</span> <span class='ocrx_word' id='word_1_84' title='bbox 1375 1177 1378 1183; x_wconf 58' lang='grc'><strong>’</strong></span> 
     </span>
     <span class='ocr_line' id='line_1_10' title="bbox 184 1287 983 1376; baseline -0.001 -21"><span class='ocrx_word' id='word_1_85' title='bbox 184 1287 313 1356; x_wconf 89' lang='lat' dir='ltr'>mulacra</span> <span class='ocrx_word' id='word_1_86' title='bbox 336 1295 424 1356; x_wconf 85' lang='lat' dir='ltr'>Jovis</span> <span class='ocrx_word' id='word_1_87' title='bbox 445 1299 504 1354; x_wconf 89' lang='lat' dir='ltr'>iam</span> <span class='ocrx_word' id='word_1_88' title='bbox 526 1294 692 1373; x_wconf 82' lang='lat' dir='ltr'>Wagnerus</span> <span class='ocrx_word' id='word_1_89' title='bbox 714 1303 793 1356; x_wconf 89' lang='lat' dir='ltr'>reete</span> <span class='ocrx_word' id='word_1_90' title='bbox 815 1295 983 1376; x_wconf 82' lang='lat' dir='ltr'>explicavit.</span> 
     </span>
    </p>
   </div>
   <div class='ocr_carea' id='block_1_3' title="bbox 89 1448 1417 2280">
    <p class='ocr_par' dir='ltr' id='par_1_3' title="bbox 89 1448 1417 2280">
     <span class='ocr_line' id='line_1_11' title="bbox 272 1448 1391 1526; baseline -0.001 -17"><span class='ocrx_word' id='word_1_91' title='bbox 272 1453 422 1509; x_wconf 77' lang='lat' dir='ltr'>Daumrtaa</span> <span class='ocrx_word' id='word_1_92' title='bbox 444 1448 500 1526; x_wconf 91' lang='lat' dir='ltr'>(IV</span> <span class='ocrx_word' id='word_1_93' title='bbox 526 1451 611 1522; x_wconf 89' lang='lat'>718).</span> <span class='ocrx_word' id='word_1_94' title='bbox 655 1449 844 1526; x_wconf 72' lang='lat' dir='ltr'>Argonautas</span> <span class='ocrx_word' id='word_1_95' title='bbox 866 1451 898 1506; x_wconf 92' lang='lat' dir='ltr'>in</span> <span class='ocrx_word' id='word_1_96' title='bbox 917 1448 1026 1508; x_wconf 89' lang='lat' dir='ltr'>Istrum</span> <span class='ocrx_word' id='word_1_97' title='bbox 1047 1451 1180 1523; x_wconf 89' lang='lat' dir='ltr'>intmsse,</span> <span class='ocrx_word' id='word_1_98' title='bbox 1202 1457 1232 1508; x_wconf 92' lang='lat' dir='ltr'>et</span> <span class='ocrx_word' id='word_1_99' title='bbox 1253 1451 1329 1510; x_wconf 88' lang='lat' dir='ltr'>inter</span> <span class='ocrx_word' id='word_1_100' title='bbox 1388 1461 1391 1476; x_wconf 70' lang='lat'><strong><em>¹</em></strong></span> 
     </span>
     <span class='ocr_line' id='line_1_12' title="bbox 183 1556 1417 1640; baseline -0.001 -22"><span class='ocrx_word' id='word_1_101' title='bbox 183 1559 252 1618; x_wconf 89' lang='lat' dir='ltr'>Istri</span> <span class='ocrx_word' id='word_1_102' title='bbox 275 1557 488 1618; x_wconf 88' lang='lat' dir='ltr'>ostiaPeueen</span> <span class='ocrx_word' id='word_1_103' title='bbox 510 1556 634 1615; x_wconf 86' lang='lat' dir='ltr'>insulam</span> <span class='ocrx_word' id='word_1_104' title='bbox 657 1560 743 1616; x_wconf 89' lang='lat' dir='ltr'>sitam</span> <span class='ocrx_word' id='word_1_105' title='bbox 766 1576 828 1617; x_wconf 88' lang='lat' dir='ltr'>esse</span> <span class='ocrx_word' id='word_1_106' title='bbox 847 1557 1039 1638; x_wconf 86' lang='lat' dir='ltr'>Apollonium</span> <span class='ocrx_word' id='word_1_107' title='bbox 1060 1565 1176 1618; x_wconf 89' lang='lat' dir='ltr'>secutus</span> <span class='ocrx_word' id='word_1_108' title='bbox 1190 1557 1330 1619; x_wconf 86' lang='lat' dir='ltr'>Valerius</span> <span class='ocrx_word' id='word_1_109' title='bbox 1415 1635 1417 1640; x_wconf 22' lang='grc' dir='ltr'>Ι</span> 
     </span>
     <span class='ocr_line' id='line_1_13' title="bbox 183 1664 1330 1746; baseline -0.002 -20"><span class='ocrx_word' id='word_1_110' title='bbox 183 1676 291 1728; x_wconf 88' lang='lat' dir='ltr'>narrat.</span> <span class='ocrx_word' id='word_1_111' title='bbox 337 1667 452 1724; x_wconf 87' lang='lat' dir='ltr'>Tamen</span> <span class='ocrx_word' id='word_1_112' title='bbox 474 1673 621 1724; x_wconf 79' lang='lat' dir='ltr'>auctorem</span> <span class='ocrx_word' id='word_1_113' title='bbox 642 1665 869 1744; x_wconf 81' lang='lat' dir='ltr'>geographicum</span> <span class='ocrx_word' id='word_1_114' title='bbox 889 1664 1023 1725; x_wconf 84' lang='lat' dir='ltr'>adhibuit</span> <span class='ocrx_word' id='word_1_115' title='bbox 1037 1666 1113 1724; x_wconf 91' lang='lat' dir='ltr'>Istro</span> <span class='ocrx_word' id='word_1_116' title='bbox 1129 1673 1239 1746; x_wconf 88' lang='lat' dir='ltr'>septem</span> <span class='ocrx_word' id='word_1_117' title='bbox 1255 1669 1330 1725; x_wconf 90' lang='lat' dir='ltr'>ostia</span> 
     </span>
     <span class='ocr_line' id='line_1_14' title="bbox 183 1773 1328 1848; baseline -0.001 -13"><span class='ocrx_word' id='word_1_118' title='bbox 183 1775 321 1835; x_wconf 82' lang='lat' dir='ltr'>tribuens.</span> <span class='ocrx_word' id='word_1_119' title='bbox 376 1773 485 1832; x_wconf 89' lang='lat' dir='ltr'>Istrum</span> <span class='ocrx_word' id='word_1_120' title='bbox 515 1781 637 1848; x_wconf 69' lang='lat' dir='ltr'>puteum</span> <span class='ocrx_word' id='word_1_121' title='bbox 671 1776 747 1832; x_wconf 87' lang='lat' dir='ltr'>ostia</span> <span class='ocrx_word' id='word_1_122' title='bbox 778 1773 886 1834; x_wconf 89' lang='lat' dir='ltr'>habere</span> <span class='ocrx_word' id='word_1_123' title='bbox 916 1773 1035 1834; x_wconf 86' lang='lat' dir='ltr'>tradunt</span> <span class='ocrx_word' id='word_1_124' title='bbox 1066 1773 1176 1835; x_wconf 88' lang='lat' dir='ltr'>Herod.</span> <span class='ocrx_word' id='word_1_125' title='bbox 1201 1775 1247 1833; x_wconf 92' lang='lat' dir='ltr'>IV</span> <span class='ocrx_word' id='word_1_126' title='bbox 1279 1777 1328 1834; x_wconf 92' lang='lat'>47.</span> 
     </span>
     <span class='ocr_line' id='line_1_15' title="bbox 184 1880 1328 1961; baseline 0 -21"><span class='ocrx_word' id='word_1_127' title='bbox 184 1883 323 1960; x_wconf 85' lang='lat' dir='ltr'>Ephorus</span> <span class='ocrx_word' id='word_1_128' title='bbox 345 1881 378 1940; x_wconf 83' lang='lat' dir='ltr'>fr.</span> <span class='ocrx_word' id='word_1_129' title='bbox 404 1884 452 1940; x_wconf 95' lang='lat'>77.</span> <span class='ocrx_word' id='word_1_130' title='bbox 498 1880 643 1961; x_wconf 82' lang='lat' dir='ltr'>Seymnus</span> <span class='ocrx_word' id='word_1_131' title='bbox 667 1883 739 1943; x_wconf 88' lang='lat'>775.</span> <span class='ocrx_word' id='word_1_132' title='bbox 785 1881 870 1940; x_wconf 92' lang='lat' dir='ltr'>Dion.</span> <span class='ocrx_word' id='word_1_133' title='bbox 894 1882 957 1941; x_wconf 86' lang='lat' dir='ltr'>Per.</span> <span class='ocrx_word' id='word_1_134' title='bbox 983 1885 1053 1940; x_wconf 83' lang='lat'>301.</span> <span class='ocrx_word' id='word_1_135' title='bbox 1099 1880 1234 1941; x_wconf 84' lang='lat' dir='ltr'>Avienus</span> <span class='ocrx_word' id='word_1_136' title='bbox 1257 1884 1328 1940; x_wconf 92' lang='lat'>440.</span> 
     </span>
     <span class='ocr_line' id='line_1_16' title="bbox 184 1987 1329 2068; baseline -0.003 -20"><span class='ocrx_word' id='word_1_137' title='bbox 184 1989 354 2048; x_wconf 82' lang='lat' dir='ltr'>Priscianus</span> <span class='ocrx_word' id='word_1_138' title='bbox 369 2007 428 2067; x_wconf 90' lang='lat' dir='ltr'>per.</span> <span class='ocrx_word' id='word_1_139' title='bbox 447 1991 516 2048; x_wconf 77' lang='lat'>290.</span> <span class='ocrx_word' id='word_1_140' title='bbox 551 1989 695 2048; x_wconf 84' lang='lat' dir='ltr'>Arrianus</span> <span class='ocrx_word' id='word_1_141' title='bbox 710 1987 794 2048; x_wconf 85' lang='lat' dir='ltr'>anab.</span> <span class='ocrx_word' id='word_1_142' title='bbox 811 1989 826 2047; x_wconf 96' lang='lat' dir='ltr'>I</span> <span class='ocrx_word' id='word_1_143' title='bbox 846 1992 872 2047; x_wconf 88' lang='lat'>8.</span> <span class='ocrx_word' id='word_1_144' title='bbox 896 1987 925 2046; x_wconf 90' lang='lat' dir='ltr'>V</span> <span class='ocrx_word' id='word_1_145' title='bbox 941 1991 969 2050; x_wconf 90' lang='lat'>4.</span> <span class='ocrx_word' id='word_1_146' title='bbox 1002 1987 1147 2047; x_wconf 69' lang='lat' dir='ltr'>Arrianm</span> <span class='ocrx_word' id='word_1_147' title='bbox 1162 1987 1262 2068; x_wconf 90' lang='lat' dir='ltr'>peripl.</span> <span class='ocrx_word' id='word_1_148' title='bbox 1280 1989 1329 2046; x_wconf 84' lang='lat'>31.</span> 
     </span>
     <span class='ocr_line' id='line_1_17' title="bbox 89 2073 1329 2177; baseline -0.001 -22"><span class='ocrx_word' id='word_1_149' title='bbox 89 2073 98 2084; x_wconf 89' lang='lat'><em>&#39;</em></span> <span class='ocrx_word' id='word_1_150' title='bbox 184 2095 283 2157; x_wconf 73' lang='lat' dir='ltr'>anon.</span> <span class='ocrx_word' id='word_1_151' title='bbox 306 2097 408 2177; x_wconf 71' lang='lat' dir='ltr'>peapr.</span> <span class='ocrx_word' id='word_1_152' title='bbox 434 2099 483 2156; x_wconf 79' lang='lat' dir='ltr'>aa.</span> <span class='ocrx_word' id='word_1_153' title='bbox 522 2095 624 2155; x_wconf 76' lang='lat' dir='ltr'>enus.</span> <span class='ocrx_word' id='word_1_154' title='bbox 647 2096 675 2155; x_wconf 77' lang='lat' dir='ltr'>s.</span> <span class='ocrx_word' id='word_1_155' title='bbox 699 2095 764 2156; x_wconf 73' lang='lat' dir='ltr'>oet.</span> <span class='ocrx_word' id='word_1_156' title='bbox 790 2099 861 2157; x_wconf 83' lang='lat' dir='ltr'>aar.</span> <span class='ocrx_word' id='word_1_157' title='bbox 900 2095 937 2154; x_wconf 72' lang='lat' dir='ltr'>a</span> <span class='ocrx_word' id='word_1_158' title='bbox 958 2095 1004 2155; x_wconf 89' lang='lat' dir='ltr'>1v</span> <span class='ocrx_word' id='word_1_159' title='bbox 1027 2115 1084 2154; x_wconf 62' lang='grc' dir='ltr'>ωε.</span> <span class='ocrx_word' id='word_1_160' title='bbox 1106 2095 1185 2154; x_wconf 74' lang='lat' dir='ltr'>uon.</span> <span class='ocrx_word' id='word_1_161' title='bbox 1205 2097 1254 2156; x_wconf 79' lang='lat' dir='ltr'>os.</span> <span class='ocrx_word' id='word_1_162' title='bbox 1292 2092 1329 2154; x_wconf 71' lang='lat' dir='ltr'>aa</span> 
     </span>
     <span class='ocr_line' id='line_1_18' title="bbox 184 2201 1330 2280; baseline 0.001 -17"><span class='ocrx_word' id='word_1_163' title='bbox 184 2203 254 2264; x_wconf 89' lang='lat' dir='ltr'>bell.</span> <span class='ocrx_word' id='word_1_164' title='bbox 283 2204 357 2262; x_wconf 91' lang='lat' dir='ltr'>Poll.</span> <span class='ocrx_word' id='word_1_165' title='bbox 388 2206 458 2264; x_wconf 85' lang='lat'>337.</span> <span class='ocrx_word' id='word_1_166' title='bbox 503 2208 610 2278; x_wconf 81' lang='lat' dir='ltr'>Septem</span> <span class='ocrx_word' id='word_1_167' title='bbox 643 2207 719 2263; x_wconf 88' lang='lat' dir='ltr'>ostia</span> <span class='ocrx_word' id='word_1_168' title='bbox 749 2203 868 2263; x_wconf 82' lang='lat' dir='ltr'>tradunt</span> <span class='ocrx_word' id='word_1_169' title='bbox 895 2203 973 2262; x_wconf 86' lang='lat' dir='ltr'>Ptol.</span> <span class='ocrx_word' id='word_1_170' title='bbox 998 2203 1046 2262; x_wconf 87' lang='lat'>111</span> <span class='ocrx_word' id='word_1_171' title='bbox 1072 2205 1118 2262; x_wconf 87' lang='lat'>10.</span> <span class='ocrx_word' id='word_1_172' title='bbox 1165 2201 1271 2262; x_wconf 85' lang='lat' dir='ltr'>Strabo</span> <span class='ocrx_word' id='word_1_173' title='bbox 1300 2222 1330 2280; x_wconf 90' lang='lat' dir='ltr'>p.</span> 
     </span>
    </p>
   </div>
   <div class='ocr_carea' id='block_1_4' title="bbox 185 2309 1332 2497">
    <p class='ocr_par' dir='ltr' id='par_1_4' title="bbox 185 2309 1332 2497">
     <span class='ocr_line' id='line_1_19' title="bbox 187 2309 1332 2387; baseline -0.005 -15"><span class='ocrx_word' id='word_1_174' title='bbox 187 2315 259 2372; x_wconf 84' lang='lat'>305.</span> <span class='ocrx_word' id='word_1_175' title='bbox 305 2313 384 2372; x_wconf 87' lang='lat' dir='ltr'>Mela</span> <span class='ocrx_word' id='word_1_176' title='bbox 405 2313 438 2372; x_wconf 94' lang='grc' dir='ltr'>Π</span> <span class='ocrx_word' id='word_1_177' title='bbox 464 2317 490 2387; x_wconf 83' lang='lat'>1,</span> <span class='ocrx_word' id='word_1_178' title='bbox 505 2339 526 2378; x_wconf 76' lang='lat' dir='ltr'>r.</span> <span class='ocrx_word' id='word_1_179' title='bbox 572 2313 643 2372; x_wconf 80' lang='lat' dir='ltr'>Tac.</span> <span class='ocrx_word' id='word_1_180' title='bbox 667 2311 764 2372; x_wconf 85' lang='lat' dir='ltr'>Germ.</span> <span class='ocrx_word' id='word_1_181' title='bbox 786 2318 810 2374; x_wconf 87' lang='grc' dir='ltr'>Ι.</span> <span class='ocrx_word' id='word_1_182' title='bbox 846 2311 943 2370; x_wconf 85' lang='lat' dir='ltr'>Amm.</span> <span class='ocrx_word' id='word_1_183' title='bbox 960 2311 1057 2370; x_wconf 87' lang='lat' dir='ltr'>XXII</span> <span class='ocrx_word' id='word_1_184' title='bbox 1075 2315 1103 2385; x_wconf 86' lang='lat'>8,</span> <span class='ocrx_word' id='word_1_185' title='bbox 1118 2337 1154 2376; x_wconf 76' lang='lat'>44.</span> <span class='ocrx_word' id='word_1_186' title='bbox 1193 2309 1332 2368; x_wconf 84' lang='lat' dir='ltr'>Sidonius</span> 
     </span>
     <span class='ocr_line' id='line_1_20' title="bbox 185 2412 1331 2497; baseline -0.006 -20"><span class='ocrx_word' id='word_1_187' title='bbox 185 2418 316 2477; x_wconf 86' lang='lat' dir='ltr'>carmV</span> <span class='ocrx_word' id='word_1_188' title='bbox 340 2420 400 2476; x_wconf 88' lang='lat'>471</span> <span class='ocrx_word' id='word_1_189' title='bbox 426 2418 455 2497; x_wconf 92' lang='lat' dir='ltr'>(e</span> <span class='ocrx_word' id='word_1_190' title='bbox 477 2418 607 2497; x_wconf 86' lang='lat' dir='ltr'>Valerio)</span> <span class='ocrx_word' id='word_1_191' title='bbox 630 2417 700 2476; x_wconf 93' lang='lat' dir='ltr'>Isid.</span> <span class='ocrx_word' id='word_1_192' title='bbox 725 2420 795 2494; x_wconf 86' lang='lat' dir='ltr'>orig.</span> <span class='ocrx_word' id='word_1_193' title='bbox 805 2417 887 2475; x_wconf 93' lang='lat' dir='ltr'>XIII</span> <span class='ocrx_word' id='word_1_194' title='bbox 912 2419 960 2475; x_wconf 78' lang='lat'>21.</span> <span class='ocrx_word' id='word_1_195' title='bbox 998 2416 1113 2476; x_wconf 85' lang='lat' dir='ltr'>Solinus</span> <span class='ocrx_word' id='word_1_196' title='bbox 1139 2418 1186 2474; x_wconf 87' lang='lat'>13.</span> <span class='ocrx_word' id='word_1_197' title='bbox 1224 2412 1331 2473; x_wconf 91' lang='lat' dir='ltr'>Dicuil.</span> 
     </span>
    </p>
   </div>
   <div class='ocr_carea' id='block_1_5' title="bbox 185 2521 1335 3898">
    <p class='ocr_par' dir='ltr' id='par_1_5' title="bbox 185 2521 1335 3898">
     <span class='ocr_line' id='line_1_21' title="bbox 185 2521 1331 2592; baseline -0.004 -6"><span class='ocrx_word' id='word_1_198' title='bbox 185 2527 248 2586; x_wconf 90' lang='lat' dir='ltr'>VII</span> <span class='ocrx_word' id='word_1_199' title='bbox 272 2531 298 2587; x_wconf 89' lang='lat'>8.</span> <span class='ocrx_word' id='word_1_200' title='bbox 337 2525 424 2587; x_wconf 84' lang='lat' dir='ltr'>ovid.</span> <span class='ocrx_word' id='word_1_201' title='bbox 438 2530 511 2586; x_wconf 91' lang='lat' dir='ltr'>trist.</span> <span class='ocrx_word' id='word_1_202' title='bbox 525 2527 557 2586; x_wconf 95' lang='lat' dir='ltr'>II</span> <span class='ocrx_word' id='word_1_203' title='bbox 581 2529 652 2588; x_wconf 87' lang='lat'>189.</span> <span class='ocrx_word' id='word_1_204' title='bbox 669 2527 671 2531; x_wconf 71' lang='grc'>’</span> <span class='ocrx_word' id='word_1_205' title='bbox 687 2526 750 2586; x_wconf 84' lang='lat' dir='ltr'>Vel.</span> <span class='ocrx_word' id='word_1_206' title='bbox 764 2527 859 2586; x_wconf 84' lang='lat' dir='ltr'>Flace.</span> <span class='ocrx_word' id='word_1_207' title='bbox 870 2526 914 2585; x_wconf 93' lang='lat' dir='ltr'>IV</span> <span class='ocrx_word' id='word_1_208' title='bbox 939 2528 1025 2592; x_wconf 80' lang='lat'>718.</span> <span class='ocrx_word' id='word_1_209' title='bbox 1052 2524 1128 2583; x_wconf 90' lang='lat' dir='ltr'>VIII</span> <span class='ocrx_word' id='word_1_210' title='bbox 1154 2525 1222 2582; x_wconf 80' lang='lat'>185.</span> <span class='ocrx_word' id='word_1_211' title='bbox 1258 2521 1331 2582; x_wconf 82' lang='lat' dir='ltr'>Stat.</span> 
     </span>
     <span class='ocr_line' id='line_1_22' title="bbox 186 2631 1333 2714; baseline -0.005 -17"><span class='ocrx_word' id='word_1_212' title='bbox 186 2637 250 2697; x_wconf 90' lang='lat' dir='ltr'>silv.</span> <span class='ocrx_word' id='word_1_213' title='bbox 277 2638 303 2712; x_wconf 80' lang='lat'>5,</span> <span class='ocrx_word' id='word_1_214' title='bbox 319 2662 369 2702; x_wconf 83' lang='lat' dir='ltr'>ms.</span> <span class='ocrx_word' id='word_1_215' title='bbox 403 2631 494 2698; x_wconf 85' lang='lat' dir='ltr'>Silius</span> <span class='ocrx_word' id='word_1_216' title='bbox 517 2637 566 2694; x_wconf 93' lang='lat' dir='ltr'>III</span> <span class='ocrx_word' id='word_1_217' title='bbox 592 2637 660 2695; x_wconf 88' lang='lat'>131.</span> <span class='ocrx_word' id='word_1_218' title='bbox 694 2635 759 2694; x_wconf 90' lang='lat' dir='ltr'>Vib.</span> <span class='ocrx_word' id='word_1_219' title='bbox 782 2636 868 2714; x_wconf 83' lang='lat' dir='ltr'>Sequ.</span> <span class='ocrx_word' id='word_1_220' title='bbox 892 2656 920 2714; x_wconf 92' lang='lat' dir='ltr'>p.</span> <span class='ocrx_word' id='word_1_221' title='bbox 946 2637 975 2696; x_wconf 87' lang='lat'>7.</span> <span class='ocrx_word' id='word_1_222' title='bbox 1013 2631 1130 2692; x_wconf 85' lang='lat' dir='ltr'>Tabula</span> <span class='ocrx_word' id='word_1_223' title='bbox 1146 2631 1333 2691; x_wconf 83' lang='lat' dir='ltr'>Ebstorfiana</span> 
     </span>
     <span class='ocr_line' id='line_1_23' title="bbox 187 2739 1332 2822; baseline -0.005 -16"><span class='ocrx_word' id='word_1_224' title='bbox 187 2748 215 2806; x_wconf 80' lang='lat'>5.</span> <span class='ocrx_word' id='word_1_225' title='bbox 261 2747 310 2804; x_wconf 82' lang='lat' dir='ltr'>Ex</span> <span class='ocrx_word' id='word_1_226' title='bbox 340 2745 396 2804; x_wconf 88' lang='lat' dir='ltr'>hac</span> <span class='ocrx_word' id='word_1_227' title='bbox 426 2748 641 2805; x_wconf 88' lang='lat' dir='ltr'>enumeratione</span> <span class='ocrx_word' id='word_1_228' title='bbox 663 2745 793 2804; x_wconf 90' lang='lat' dir='ltr'>locorum</span> <span class='ocrx_word' id='word_1_229' title='bbox 816 2743 937 2802; x_wconf 89' lang='lat' dir='ltr'>discitur</span> <span class='ocrx_word' id='word_1_230' title='bbox 959 2741 1089 2803; x_wconf 79' lang='lat' dir='ltr'>Graecos</span> <span class='ocrx_word' id='word_1_231' title='bbox 1112 2744 1267 2822; x_wconf 87' lang='lat' dir='ltr'>scriptores</span> <span class='ocrx_word' id='word_1_232' title='bbox 1290 2739 1332 2819; x_wconf 89' lang='lat' dir='ltr'>(et</span> 
     </span>
     <span class='ocr_line' id='line_1_24' title="bbox 186 2851 1332 2936; baseline -0.007 -20"><span class='ocrx_word' id='word_1_233' title='bbox 186 2857 311 2916; x_wconf 86' lang='lat' dir='ltr'>Latinos</span> <span class='ocrx_word' id='word_1_234' title='bbox 334 2855 371 2914; x_wconf 88' lang='lat' dir='ltr'>ab</span> <span class='ocrx_word' id='word_1_235' title='bbox 393 2857 436 2914; x_wconf 88' lang='lat' dir='ltr'>eis</span> <span class='ocrx_word' id='word_1_236' title='bbox 458 2853 627 2934; x_wconf 87' lang='lat' dir='ltr'>pendentes)</span> <span class='ocrx_word' id='word_1_237' title='bbox 660 2853 737 2936; x_wconf 91' lang='lat' dir='ltr'>quod</span> <span class='ocrx_word' id='word_1_238' title='bbox 759 2853 971 2934; x_wconf 86' lang='lat' dir='ltr'>antiquioribus</span> <span class='ocrx_word' id='word_1_239' title='bbox 997 2851 1165 2912; x_wconf 79' lang='lat' dir='ltr'>auctoribus</span> <span class='ocrx_word' id='word_1_240' title='bbox 1190 2853 1332 2924; x_wconf 87' lang='lat' dir='ltr'>nituntur,</span> 
     </span>
     <span class='ocr_line' id='line_1_25' title="bbox 187 2957 1333 3046; baseline -0.007 -22"><span class='ocrx_word' id='word_1_241' title='bbox 187 2967 316 3046; x_wconf 91' lang='lat' dir='ltr'>quinque</span> <span class='ocrx_word' id='word_1_242' title='bbox 347 2965 422 3022; x_wconf 89' lang='lat' dir='ltr'>ostia</span> <span class='ocrx_word' id='word_1_243' title='bbox 450 2962 579 3037; x_wconf 82' lang='lat' dir='ltr'>tradere,</span> <span class='ocrx_word' id='word_1_244' title='bbox 610 2963 732 3022; x_wconf 85' lang='lat' dir='ltr'>Latinos</span> <span class='ocrx_word' id='word_1_245' title='bbox 760 2965 915 3042; x_wconf 87' lang='lat' dir='ltr'>scriptores</span> <span class='ocrx_word' id='word_1_246' title='bbox 938 2963 980 3039; x_wconf 91' lang='lat' dir='ltr'>(et</span> <span class='ocrx_word' id='word_1_247' title='bbox 1003 2960 1132 3021; x_wconf 80' lang='lat' dir='ltr'>Graecos</span> <span class='ocrx_word' id='word_1_248' title='bbox 1155 2961 1204 3039; x_wconf 92' lang='lat' dir='ltr'>qui</span> <span class='ocrx_word' id='word_1_249' title='bbox 1229 2957 1266 3017; x_wconf 90' lang='lat' dir='ltr'>ab</span> <span class='ocrx_word' id='word_1_250' title='bbox 1291 2959 1333 3018; x_wconf 87' lang='lat' dir='ltr'>eis</span> 
     </span>
     <span class='ocr_line' id='line_1_26' title="bbox 186 3065 1330 3152; baseline -0.007 -18"><span class='ocrx_word' id='word_1_251' title='bbox 186 3083 239 3134; x_wconf 89' lang='lat' dir='ltr'>aut</span> <span class='ocrx_word' id='word_1_252' title='bbox 261 3073 298 3133; x_wconf 87' lang='lat' dir='ltr'>ab</span> <span class='ocrx_word' id='word_1_253' title='bbox 321 3070 557 3151; x_wconf 85' lang='lat' dir='ltr'>expeditionibus</span> <span class='ocrx_word' id='word_1_254' title='bbox 580 3093 598 3130; x_wconf 88' lang='lat' dir='ltr'>a</span> <span class='ocrx_word' id='word_1_255' title='bbox 612 3072 753 3131; x_wconf 89' lang='lat' dir='ltr'>Romanis</span> <span class='ocrx_word' id='word_1_256' title='bbox 776 3074 918 3152; x_wconf 88' lang='lat' dir='ltr'>susceptis</span> <span class='ocrx_word' id='word_1_257' title='bbox 939 3065 1090 3152; x_wconf 85' lang='lat' dir='ltr'>pendent),</span> <span class='ocrx_word' id='word_1_258' title='bbox 1113 3077 1223 3148; x_wconf 89' lang='lat' dir='ltr'>septem</span> <span class='ocrx_word' id='word_1_259' title='bbox 1246 3069 1330 3142; x_wconf 87' lang='lat' dir='ltr'>ostia,</span> 
     </span>
     <span class='ocr_line' id='line_1_27' title="bbox 189 3176 1334 3263; baseline -0.004 -22"><span class='ocrx_word' id='word_1_260' title='bbox 189 3179 268 3263; x_wconf 91' lang='lat' dir='ltr'>quod</span> <span class='ocrx_word' id='word_1_261' title='bbox 296 3183 419 3260; x_wconf 78' lang='lat' dir='ltr'>imperIo</span> <span class='ocrx_word' id='word_1_262' title='bbox 449 3188 534 3239; x_wconf 90' lang='lat' dir='ltr'>aucto</span> <span class='ocrx_word' id='word_1_263' title='bbox 564 3180 631 3239; x_wconf 88' lang='lat' dir='ltr'>illas</span> <span class='ocrx_word' id='word_1_264' title='bbox 652 3200 698 3262; x_wconf 87' lang='lat' dir='ltr'>res</span> <span class='ocrx_word' id='word_1_265' title='bbox 720 3180 823 3240; x_wconf 88' lang='lat' dir='ltr'>melius</span> <span class='ocrx_word' id='word_1_266' title='bbox 846 3178 1066 3259; x_wconf 88' lang='lat' dir='ltr'>perspiciebant.</span> <span class='ocrx_word' id='word_1_267' title='bbox 1111 3177 1187 3236; x_wconf 91' lang='lat' dir='ltr'>Item</span> <span class='ocrx_word' id='word_1_268' title='bbox 1209 3176 1334 3236; x_wconf 86' lang='lat' dir='ltr'>Latinae</span> 
     </span>
     <span class='ocr_line' id='line_1_28' title="bbox 192 3288 1332 3369; baseline -0.005 -18"><span class='ocrx_word' id='word_1_269' title='bbox 192 3295 315 3369; x_wconf 85' lang='lat' dir='ltr'>originis</span> <span class='ocrx_word' id='word_1_270' title='bbox 337 3311 389 3350; x_wconf 91' lang='lat' dir='ltr'>sex</span> <span class='ocrx_word' id='word_1_271' title='bbox 412 3293 487 3351; x_wconf 86' lang='lat' dir='ltr'>ostia</span> <span class='ocrx_word' id='word_1_272' title='bbox 510 3298 585 3365; x_wconf 79' lang='lat' dir='ltr'>sunt,</span> <span class='ocrx_word' id='word_1_273' title='bbox 606 3290 684 3349; x_wconf 88' lang='lat' dir='ltr'>Plin.</span> <span class='ocrx_word' id='word_1_274' title='bbox 700 3291 746 3350; x_wconf 84' lang='lat' dir='ltr'>lv</span> <span class='ocrx_word' id='word_1_275' title='bbox 763 3293 811 3350; x_wconf 85' lang='lat'>79.</span> <span class='ocrx_word' id='word_1_276' title='bbox 844 3289 918 3349; x_wconf 83' lang='lat' dir='ltr'>Tab.</span> <span class='ocrx_word' id='word_1_277' title='bbox 933 3289 1016 3348; x_wconf 91' lang='lat' dir='ltr'>Peut.</span> <span class='ocrx_word' id='word_1_278' title='bbox 1051 3288 1125 3346; x_wconf 79' lang='lat' dir='ltr'>&#39;Pria</span> <span class='ocrx_word' id='word_1_279' title='bbox 1148 3289 1231 3358; x_wconf 90' lang='lat' dir='ltr'>ostia,</span> <span class='ocrx_word' id='word_1_280' title='bbox 1257 3303 1332 3365; x_wconf 86' lang='lat' dir='ltr'>quae</span> 
     </span>
     <span class='ocr_line' id='line_1_29' title="bbox 192 3394 1333 3480; baseline -0.008 -19"><span class='ocrx_word' id='word_1_281' title='bbox 192 3401 283 3462; x_wconf 86' lang='lat' dir='ltr'>schol.</span> <span class='ocrx_word' id='word_1_282' title='bbox 306 3400 363 3480; x_wconf 90' lang='lat' dir='ltr'>Ap.</span> <span class='ocrx_word' id='word_1_283' title='bbox 386 3401 432 3460; x_wconf 88' lang='lat' dir='ltr'>IV</span> <span class='ocrx_word' id='word_1_284' title='bbox 457 3402 517 3460; x_wconf 81' lang='lat'>306</span> <span class='ocrx_word' id='word_1_285' title='bbox 543 3399 640 3472; x_wconf 79' lang='lat' dir='ltr'>tradit,</span> <span class='ocrx_word' id='word_1_286' title='bbox 666 3399 717 3458; x_wconf 90' lang='lat' dir='ltr'>illa</span> <span class='ocrx_word' id='word_1_287' title='bbox 739 3403 796 3458; x_wconf 86' lang='lat' dir='ltr'>tria</span> <span class='ocrx_word' id='word_1_288' title='bbox 818 3397 1002 3478; x_wconf 83' lang='lat' dir='ltr'>gravioribus</span> <span class='ocrx_word' id='word_1_289' title='bbox 1024 3394 1150 3454; x_wconf 91' lang='lat' dir='ltr'>navibus</span> <span class='ocrx_word' id='word_1_290' title='bbox 1173 3403 1243 3474; x_wconf 84' lang='lat' dir='ltr'>apta</span> <span class='ocrx_word' id='word_1_291' title='bbox 1264 3401 1333 3452; x_wconf 90' lang='lat' dir='ltr'>sunt</span> 
     </span>
     <span class='ocr_line' id='line_1_30' title="bbox 192 3503 1335 3594; baseline -0.008 -25"><span class='ocrx_word' id='word_1_292' title='bbox 192 3529 267 3594; x_wconf 89' lang='lat' dir='ltr'>quae</span> <span class='ocrx_word' id='word_1_293' title='bbox 298 3528 350 3568; x_wconf 92' lang='lat' dir='ltr'>nos</span> <span class='ocrx_word' id='word_1_294' title='bbox 383 3528 498 3588; x_wconf 89' lang='lat' dir='ltr'>quoque</span> <span class='ocrx_word' id='word_1_295' title='bbox 523 3505 647 3566; x_wconf 88' lang='lat' dir='ltr'>inludo</span> <span class='ocrx_word' id='word_1_296' title='bbox 671 3506 799 3567; x_wconf 88' lang='lat' dir='ltr'>ediscere</span> <span class='ocrx_word' id='word_1_297' title='bbox 821 3507 956 3567; x_wconf 86' lang='lat' dir='ltr'>solemus.</span> <span class='ocrx_word' id='word_1_298' title='bbox 1002 3503 1127 3564; x_wconf 87' lang='lat' dir='ltr'>Ovidius</span> <span class='ocrx_word' id='word_1_299' title='bbox 1150 3505 1260 3582; x_wconf 90' lang='lat' dir='ltr'>primus</span> <span class='ocrx_word' id='word_1_300' title='bbox 1283 3509 1335 3576; x_wconf 79' lang='lat' dir='ltr'>est,</span> 
     </span>
     <span class='ocr_line' id='line_1_31' title="bbox 188 3610 1333 3698; baseline -0.005 -23"><span class='ocrx_word' id='word_1_301' title='bbox 188 3617 269 3698; x_wconf 90' lang='lat' dir='ltr'>apud</span> <span class='ocrx_word' id='word_1_302' title='bbox 292 3637 377 3698; x_wconf 89' lang='lat' dir='ltr'>quem</span> <span class='ocrx_word' id='word_1_303' title='bbox 399 3624 508 3698; x_wconf 89' lang='lat' dir='ltr'>septem</span> <span class='ocrx_word' id='word_1_304' title='bbox 532 3619 606 3676; x_wconf 90' lang='lat' dir='ltr'>ostia</span> <span class='ocrx_word' id='word_1_305' title='bbox 628 3619 823 3697; x_wconf 88' lang='lat' dir='ltr'>reperiuntur,</span> <span class='ocrx_word' id='word_1_306' title='bbox 853 3635 947 3696; x_wconf 90' lang='lat' dir='ltr'>neque</span> <span class='ocrx_word' id='word_1_307' title='bbox 973 3622 1018 3674; x_wconf 88' lang='lat' dir='ltr'>est</span> <span class='ocrx_word' id='word_1_308' title='bbox 1046 3634 1098 3673; x_wconf 89' lang='lat' dir='ltr'>cur</span> <span class='ocrx_word' id='word_1_309' title='bbox 1126 3610 1333 3672; x_wconf 86' lang='lat' dir='ltr'>contendamus</span> 
     </span>
     <span class='ocr_line' id='line_1_32' title="bbox 187 3720 1334 3806; baseline -0.006 -19"><span class='ocrx_word' id='word_1_310' title='bbox 187 3735 299 3806; x_wconf 88' lang='lat' dir='ltr'>septem</span> <span class='ocrx_word' id='word_1_311' title='bbox 328 3729 404 3786; x_wconf 89' lang='lat' dir='ltr'>ostia</span> <span class='ocrx_word' id='word_1_312' title='bbox 434 3734 501 3786; x_wconf 84' lang='lat' dir='ltr'>ante</span> <span class='ocrx_word' id='word_1_313' title='bbox 532 3724 564 3784; x_wconf 90' lang='lat' dir='ltr'>id</span> <span class='ocrx_word' id='word_1_314' title='bbox 591 3732 705 3806; x_wconf 88' lang='lat' dir='ltr'>tempus</span> <span class='ocrx_word' id='word_1_315' title='bbox 728 3735 798 3786; x_wconf 87' lang='lat' dir='ltr'>nota</span> <span class='ocrx_word' id='word_1_316' title='bbox 819 3725 910 3786; x_wconf 85' lang='lat' dir='ltr'>fuisse</span> <span class='ocrx_word' id='word_1_317' title='bbox 933 3745 989 3804; x_wconf 93' lang='lat' dir='ltr'>quo</span> <span class='ocrx_word' id='word_1_318' title='bbox 1002 3723 1114 3784; x_wconf 88' lang='lat' dir='ltr'>Moesia</span> <span class='ocrx_word' id='word_1_319' title='bbox 1137 3721 1174 3782; x_wconf 89' lang='lat' dir='ltr'>ab</span> <span class='ocrx_word' id='word_1_320' title='bbox 1197 3720 1334 3798; x_wconf 80' lang='lat' dir='ltr'>Augusto</span> 
     </span>
     <span class='ocr_line' id='line_1_33' title="bbox 192 3835 388 3898; baseline 0 -4"><span class='ocrx_word' id='word_1_321' title='bbox 192 3835 315 3898; x_wconf 84' lang='lat' dir='ltr'>subacta</span> <span class='ocrx_word' id='word_1_322' title='bbox 338 3843 388 3895; x_wconf 87' lang='lat' dir='ltr'>est.</span> 
     </span>
    </p>
   </div>
   <div class='ocr_carea' id='block_1_6' title="bbox 281 3982 559 4044">
    <p class='ocr_par' dir='ltr' id='par_1_6' title="bbox 281 3982 559 4044">
     <span class='ocr_line' id='line_1_34' title="bbox 281 3982 559 4044; baseline -0.007 -1"><span class='ocrx_word' id='word_1_323' title='bbox 281 3982 406 4043; x_wconf 86' lang='lat' dir='ltr'>Versum</span> <span class='ocrx_word' id='word_1_324' title='bbox 427 3982 473 4044; x_wconf 87' lang='lat' dir='ltr'>IV</span> <span class='ocrx_word' id='word_1_325' title='bbox 497 3985 559 4042; x_wconf 87' lang='lat'>718</span> 
     </span>
    </p>
   </div>
   <div class='ocr_carea' id='block_1_7' title="bbox 267 4317 1011 4511">
    <p class='ocr_par' dir='ltr' id='par_1_7' title="bbox 267 4317 1011 4511">
     <span class='ocr_line' id='line_1_35' title="bbox 267 4317 1011 4394; baseline 0 -16"><span class='ocrx_word' id='word_1_326' title='bbox 267 4325 294 4394; x_wconf 94' lang='lat'>1)</span> <span class='ocrx_word' id='word_1_327' title='bbox 313 4322 355 4380; x_wconf 89' lang='lat' dir='ltr'>cf.</span> <span class='ocrx_word' id='word_1_328' title='bbox 375 4317 488 4391; x_wconf 87' lang='lat' dir='ltr'>Arnold‚</span> <span class='ocrx_word' id='word_1_329' title='bbox 507 4319 647 4377; x_wconf 86' lang='lat' dir='ltr'>Deutsche</span> <span class='ocrx_word' id='word_1_330' title='bbox 665 4320 767 4392; x_wconf 86' lang='lat' dir='ltr'>Urzeit,</span> <span class='ocrx_word' id='word_1_331' title='bbox 787 4317 828 4379; x_wconf 89' lang='lat' dir='ltr'>ed.</span> <span class='ocrx_word' id='word_1_332' title='bbox 846 4319 886 4377; x_wconf 86' lang='grc' dir='ltr'>ΙΙΙ</span> <span class='ocrx_word' id='word_1_333' title='bbox 904 4340 932 4393; x_wconf 88' lang='lat' dir='ltr'>p.</span> <span class='ocrx_word' id='word_1_334' title='bbox 951 4324 1011 4380; x_wconf 76' lang='lat'>282.</span> 
     </span>
     <span class='ocr_line' id='line_1_36' title="bbox 267 4435 608 4511; baseline -0.006 -15"><span class='ocrx_word' id='word_1_335' title='bbox 267 4440 296 4511; x_wconf 83' lang='lat'>2)</span> <span class='ocrx_word' id='word_1_336' title='bbox 315 4437 356 4494; x_wconf 81' lang='lat' dir='ltr'>uf.</span> <span class='ocrx_word' id='word_1_337' title='bbox 375 4435 482 4493; x_wconf 82' lang='lat' dir='ltr'>Amold</span> <span class='ocrx_word' id='word_1_338' title='bbox 499 4453 526 4510; x_wconf 86' lang='lat' dir='ltr'>p.</span> <span class='ocrx_word' id='word_1_339' title='bbox 546 4439 608 4494; x_wconf 89' lang='lat'>437.</span> 
     </span>
    </p>
   </div>
   <div class='ocr_carea' id='block_1_8' title="bbox 0 0 1606 4956">
    <p class='ocr_par' dir='ltr' id='par_1_8' title="bbox 0 0 1606 4956">
     <span class='ocr_line' id='line_1_37' title="bbox 0 0 1606 4956; baseline 0 0"><span class='ocrx_word' id='word_1_340' title='bbox 0 0 1606 4956; x_wconf 95' lang='lat' dir='ltr'> </span> 
     </span>
    </p>
   </div>
  </div>
 </body>
</html>
