3190 4956
782 251 821 314 19

233 433 330 511 gentis
370 434 487 490 nomine
525 440 624 510 portas
653 429 814 489 Albenicas
852 428 1081 510 appellaverunt.
1127 423 1202 484 Ptol.
1226 423 1255 484 V
1281 422 1375 498 12st

232 536 422 623 ἡἈλβανία
454 537 650 622 περιορίζεται
682 534 740 598 ἀπὸ
775 533 826 620 μὲν
859 533 972 620 ἄρκτων
1003 531 1051 619 τῷ
1076 530 1272 616 ἐκτεθειμένῳ
1297 529 1379 614 μέρει

232 653 285 732 τῆς
308 646 489 732 tappetia.
534 649 613 712 Plin.
639 649 683 708 VI
708 652 747 707 38
771 653 816 706 Ab
839 653 958 707 introite
979 651 1077 706 dentre
1099 664 1254 704 mucronem
1276 648 1379 715 ipsium

236 767 363 833 faunam
386 758 497 838 (Caspii
519 759 620 838 maris)
643 769 735 818 tenent
760 761 847 818 Udini
869 761 1034 834 Scytharum
1055 760 1181 828 anemos.
1227 757 1303 811 Dein
1327 771 1381 824 per

237 891 316 928 neem
345 874 457 939 Albani,
492 879 524 926 nt
545 875 642 942 ferant
664 873 699 928 ab
721 873 824 926 Jaeoae
846 873 918 940 ceti,
952 877 1017 925 ante
1048 886 1114 939 qnos
1145 869 1217 938 qnod
1246 883 1322 920 mare
1345 869 1383 920 eet

236 983 378 1037 Albesaeem
408 984 580 1038 aomiaatwe.
627 981 705 1036 Haec
734 998 801 1051 pene
829 983 978 1050 cumensem
1009 979 1146 1032 meatibus
1170 974 1312 1030 neumate
1342 973 1381 1028 ad

238 1090 341 1164 Cyrum
378 1108 502 1159 amnem,
536 1092 687 1146 Armeniae
718 1092 869 1158 confinium
901 1095 983 1160 ntqae
1005 1088 1157 1154 Hiberiae,
1188 1083 1325 1140 danaen
1351 1089 1385 1138 ee

236 1201 340 1255 dictem
363 1205 409 1254 eet.
454 1194 595 1274 Reliquos
617 1194 704 1253 huius
726 1198 821 1272 gentis
843 1194 914 1254 fines
937 1196 1046 1274 optime
1069 1191 1228 1250 delineatae
1250 1189 1383 1247 invenies

235 1301 312 1382 apud
342 1301 418 1360 Ptol.
442 1301 471 1360 V
497 1305 545 1376 12,
570 1307 595 1360 1.
641 1301 723 1362 Idem
746 1301 929 1362 Ptolemaeus
959 1298 1091 1360 Albanae
1122 1308 1221 1379 portas
1251 1303 1282 1358 in
1304 1297 1384 1358 Ocu·

238 1431 305 1469 cuso
335 1408 488 1484 describit,
524 1405 579 1468 80⁰
602 1411 678 1489 long.
703 1409 759 1470 47⁰
781 1411 829 1469 lat.
876 1411 942 1468 Hae
964 1419 1066 1490 portae
1094 1412 1234 1489 primum,
1268 1409 1382 1487 opinor,

237 1517 424 1597 appellantur
446 1525 541 1576 aetate
563 1518 706 1592 Neronis,
736 1519 808 1576 Tac.
832 1518 898 1577 hist.
921 1518 937 1576 I
961 1521 978 1576 6
1007 1523 1086 1578 mebi
1107 1522 1146 1576 ee
1167 1523 1216 1576 boe
1236 1522 1382 1574 aemerie

236 1629 391 1684 Germania
413 1646 445 1682 ae
469 1629 625 1682 Britannia
648 1635 673 1684 et
696 1628 815 1700 Illyrico,
839 1645 906 1700 qnos
935 1629 1007 1684 idem
1030 1627 1106 1683 Nero
1132 1629 1223 1682 electos
1246 1627 1382 1695 proemia-

237 1753 333 1806 eoeqae
363 1737 401 1790 ad
432 1737 553 1790 elaeatae
583 1734 749 1804 emptarum
780 1743 805 1790 et
836 1737 932 1790 betleem
960 1737 1033 1806 qaod
1055 1739 1087 1792 in
1108 1737 1231 1792 Albanos
1250 1737 1384 1811 parabat,

240 1888 246 1900 .
271 1887 276 1899 .
302 1887 307 1900 .
334 1837 347 1900 .’
370 1833 555 1900 -eeeoeoue'eea
613 1841 794 1898 Nominatim
837 1849 937 1918 portae
967 1839 1103 1898 Albanae
1134 1837 1190 1898 hoc
1219 1839 1283 1898 loco
1323 1859 1384 1897 non

235 1949 435 2030 appellantur,
467 1958 564 2007 tamen
595 1947 789 2007 conferentem
818 1966 892 2026 quae
920 1947 973 2006 sub
996 1967 1070 2006 voce
1092 1947 1187 2006 Hiber
1208 1945 1245 2004 de
1268 1945 1385 2024 Caspiis

237 2059 373 2118 claustris
387 2059 520 2138 quaesivi
542 2077 599 2114 non
621 2055 716 2132 lugiet
738 2057 801 2114 veri
816 2055 994 2113 simillimum
1010 2074 1072 2115 esse
1091 2056 1237 2114 Neronem
1253 2051 1385 2112 Albanos

239 2175 346 2246 portas,
371 2186 543 2245 quemquam
565 2185 624 2222 non
646 2172 786 2237 accurate,
813 2165 936 2222 novisse.
982 2163 1108 2240 Augusti
1132 2170 1227 2222 aetate
1256 2161 1386 2222 nondum

239 2284 327 2334 notae
350 2283 450 2348 erant,
485 2275 577 2350 igitur
603 2275 679 2330 inter
701 2270 828 2347 Augusti
858 2278 887 2329 et
910 2271 1037 2330 Neronis
1068 2291 1158 2349 regna
1191 2273 1387 2344 innotuerunt,

242 2389 271 2442 et
294 2401 352 2438 non
375 2379 466 2438 multo
489 2386 556 2436 ante
578 2377 741 2450 Neronem,
770 2395 836 2434 cum
870 2375 906 2436 de
937 2379 1053 2436 nomine
1081 2376 1210 2436 nondum
1233 2385 1385 2436 constaret.

243 2489 382 2548 Valerius
405 2509 471 2547 cum
494 2487 551 2544 hoc
572 2488 689 2544 nomine
711 2484 791 2542 nullo
821 2487 894 2542 vitio
924 2489 1076 2544 commisso
1108 2493 1207 2544 utetur
1236 2504 1388 2544 monemur

242 2605 274 2654 ut
298 2605 450 2655 auctorem
474 2595 717 2674 quamproxime
740 2591 777 2649 ad
801 2591 914 2650 Valerii
936 2601 1061 2651 aetatem
1083 2591 1300 2655 admoveamus.

298 2735 301 2742 ·
331 2711 460 2764 Ameana
483 2703 510 2782 (I
534 2701 618 2780 493).
664 2701 700 2760 In
731 2721 779 2760 ore
808 2708 959 2779 poetarum
990 2700 1122 2759 Amanus
1153 2723 1237 2760 mons
1266 2701 1389 2761 Ciliciae

241 2834 401 2892 numquam
423 2812 486 2886 fuit,
509 2830 603 2890 neque
626 2829 663 2870 ex
684 2831 738 2868 usu
760 2817 911 2889 poetarum
923 2809 1059 2870 Valerius
1080 2813 1171 2888 tigres
1193 2811 1235 2869 ibi
1257 2811 1390 2870 habitare

203 2912 205 2915 ’
241 2931 358 2998 narrat,
388 2921 493 3000 reliqui
525 2927 629 3000 poetae
659 2921 748 2997 tigres
770 2919 939 2998 Hyrcaniae
963 2918 1136 2978 adscribunt.
1181 2920 1228 2978 De
1250 2919 1336 2978 rebus
1357 2922 1389 2978 in

244 3030 359 3089 Amano
383 3033 474 3106 gestis
497 3027 570 3086 nihil
593 3036 729 3086 narretur
752 3027 830 3106 apud
853 3029 1017 3106 scriptores,
1051 3047 1144 3107 neque
1166 3028 1324 3088 verisimile
1347 3035 1392 3086 est

244 3138 396 3197 Valerium
419 3137 495 3194 hunc
517 3143 645 3194 montem
669 3155 705 3194 ex
727 3155 823 3194 rerum
847 3137 986 3214 scriptore
1001 3138 1115 3216 petisse.
1155 3135 1281 3197 Videtur
1295 3146 1390 3216 poeta,

246 3248 294 3325 qui
316 3245 408 3304 multa
430 3265 508 3303 nova
530 3246 652 3302 nomina
674 3246 704 3301 in
727 3263 843 3303 carmen
860 3239 957 3302 ‘suum
986 3247 1112 3323 recepit,
1144 3245 1276 3304 consulto
1299 3247 1389 3305 Ama·

245 3371 314 3408 num
350 3369 386 3409 ex
416 3349 612 3429 geographico
647 3357 765 3408 auctore
791 3351 948 3428 recepisse,
987 3357 1019 3406 ut
1047 3369 1099 3427 pro
1127 3352 1204 3408 tritis
1225 3351 1390 3410 nominibus

245 3480 355 3519 novum
377 3458 536 3518 induceret.
581 3459 617 3518 In
641 3459 756 3516 Amano
779 3461 869 3535 tigres
891 3457 1025 3518 habitare
1048 3457 1126 3536 apud
1156 3459 1268 3518 nullum
1302 3463 1390 3540 scrip-

244 3577 335 3628 torem
357 3571 474 3644 inveni;
497 3577 602 3641 tamen,
628 3575 766 3646 quantum
789 3585 843 3644 ego
865 3568 1017 3627 historiam
1040 3567 1208 3626 animalium
1227 3571 1391 3648 perspicere

244 3699 378 3757 possum,
411 3698 469 3736 non
500 3696 575 3755 nego
603 3685 720 3757 poetam
750 3675 781 3734 id
812 3675 891 3756 apud
919 3677 1011 3736 bonos
1034 3685 1166 3736 auctores
1187 3679 1318 3738 invenire
1341 3699 1391 3758 po-

246 3788 351 3845 tuisse:
374 3788 437 3844 veri
460 3793 557 3844 autem
579 3785 702 3843 similius
725 3783 798 3842 mihi
819 3783 937 3844 videtur
958 3804 1019 3843 rem
1041 3784 1212 3843 translatam
1234 3805 1303 3845 esse.

334 3901 474 3954 Amastris
507 3894 564 3972 (VI
588 3895 670 3970 554).
715 3893 785 3952 Non
816 3903 893 3952 recte
915 3894 1090 3972 Meynckius
1120 3897 1152 3952 in
1186 3892 1392 3956 dissertatione
1443 3871 1444 3874 A

246 4021 299 4060 sua
320 4022 348 4080 p.
374 4003 411 4059 ὁὸ
437 4003 478 4058 111
501 3998 650 4080 disputat:
676 4019 749 4073 „nec
770 4003 866 4058 minus
888 3999 1040 4078 probabile
1063 4009 1107 4060 est
1130 4003 1249 4060 eumin
1269 4010 1392 4082 utroque

245 4131 331 4170 versu
353 4110 402 4168 ΠΙ
426 4111 485 4168 145
511 4117 540 4169 ct
562 4109 608 4168 VI
632 4111 694 4168 554
718 4117 768 4167 aut
789 4108 959 4168 Amastrum
982 4119 1032 4168 aut
1054 4110 1206 4168 Amastrin
1235 4113 1391 4191 scripsisse.

247 4217 382 4278 Ceterum
406 4217 485 4297 apud
508 4216 637 4276 Graecos
660 4219 816 4297 scriptores
846 4227 874 4276 et
899 4213 1050 4287 Μόναισος
1082 4227 1112 4278 11
1136 4213 1306 4298 Μοναίσης,
1341 4217 1393 4278 sed

247 4325 311 4384 sola
329 4321 486 4408 Ἄμηστρις
510 4325 604 4384 forma
626 4327 773 4384 invenitur
787 4320 818 4401 ¹).
865 4325 967 4385 Nihilo
989 4328 1085 4385 minus
1108 4325 1256 4404 Vergilius
1271 4329 1302 4384 in
1316 4325 1390 4388 Aen.

324 4487 357 4558 1)»
371 4485 463 4542 Minus
492 4501 586 4542 rerum
617 4487 668 4541 hoe
697 4491 754 4555 est,
783 4502 847 4542 nam
861 4485 996 4562 Ἄμηστρις
1022 4503 1120 4543 nomen
1147 4485 1266 4544 feminae
1284 4492 1341 4556 est,
1370 4493 1397 4543 et
