3190 4956
748 209 785 267 61

191 377 273 460 pitol.
306 379 423 440 Marcus
447 382 496 440 22.
542 380 689 460 Vopiscus
711 381 798 440 Prob.
825 384 872 440 18.
919 379 986 440 CIL
1010 375 1074 439 111²
1095 400 1123 458 p.
1148 381 1209 438 862
1239 401 1266 438 v.
1291 379 1339 437 35.

193 487 285 548 Ovid.
309 490 397 549 Trist.
421 491 454 549 II
479 493 548 550 198,

282 598 417 678 Apparet
444 599 594 658 Valerium
627 599 706 658 bono
739 608 856 659 anctore
893 603 925 658 in
958 597 1157 658 describendis
1188 597 1341 654 Bastarnis

192 725 278 764 usum
303 725 385 782 esse3
409 707 443 766 cf.
461 706 694 766 Miillenhoffium
717 708 749 766 II
771 729 798 787 p.
814 710 882 767 109.
928 706 1051 768 Sidonos
1073 725 1175 764 revera
1197 725 1264 784 pars
1286 705 1342 762 Ba-

192 821 358 872 starnarum
381 824 462 890 sunt,
486 815 520 874 ol.
545 816 678 876 Strabon.
708 837 735 896 p.
762 818 822 874 306
849 811 1020 897 Βαοτὰρναι
1044 861 1051 875 .
1076 861 1083 876 .
1109 860 1114 872 .
1140 860 1145 872 .
1177 811 1219 882 εἰς
1248 809 1341 874 πλείω

197 920 279 1003 φῦλα
298 919 479 1004 διῃρημένοι.
503 919 551 984 καὶ
576 918 632 1005 γὰρ
649 918 786 1006 Ἄτμονοι
810 919 945 1003 λέγονταί
964 943 1037 991 τινες
1057 917 1108 982 καὶ
1131 917 1249 990 Σιδόνες

192 1025 245 1090 καὶ
270 1026 413 1092 Πευκῖνοι
437 1077 443 1090 .
469 1079 475 1092 .
502 1079 508 1094 .
533 1027 582 1092 καὶ
601 1026 796 1100 Ῥωξολανοί.
844 1033 889 1092 De
910 1033 1120 1090 Bastarnarum
1150 1049 1267 1111 pugnae
1296 1050 1342 1088 ra-

194 1141 276 1198 tione
299 1159 371 1199 vera
393 1141 544 1226 Valerium
575 1141 660 1202 nobis
691 1141 806 1201 tradere
829 1140 965 1200 discimus
995 1159 1033 1200 ex
1054 1138 1227 1212 Plutarcho,
1259 1138 1343 1200 Aem.

194 1248 292 1308 Paull.
321 1252 358 1307 12
384 1246 454 1328 ἧκον
480 1242 531 1329 μὲν
555 1243 611 1330 γὰρ
635 1245 716 1332 αὐτῷ
733 1247 862 1326 (Perseo)
887 1243 1024 1328 δεηθέντι
1044 1242 1220 1327 Βαστέρναι,
1246 1242 1344 1328 μύριοι

199 1352 250 1438 μὲν
277 1356 387 1431 ἱππεῖς,
411 1353 508 1440 μύριοι
532 1352 767 1440 diospolitani,
791 1353 971 1438 μισθοφόροι
993 1351 1099 1424 πάντες
1121 1375 1148 1416 κ.
1157 1375 1182 1414 τ.
1193 1354 1218 1414 l.
1262 1355 1346 1414 Haec

195 1467 289 1543 igitur
312 1465 449 1536 Valerius
471 1486 529 1524 non
552 1467 714 1540 transtulit,
745 1486 919 1546 quamquam
941 1464 1018 1524 idem
1041 1464 1078 1524 de
1101 1463 1167 1522 aliis
1190 1461 1344 1522 Germanis

194 1573 343 1647 traditur;
377 1575 411 1634 cf.
435 1576 574 1634 Miillcnh.
598 1577 631 1634 II
654 1597 681 1654 p.
708 1578 768 1635 105
793 1574 859 1634 adn.
904 1576 1008 1655 Itaque
1039 1593 1112 1654 quae
1140 1572 1276 1633 Valerius
1299 1573 1345 1632 VI

198 1685 236 1741 97
263 1705 285 1743 s.
310 1693 409 1742 narrat
431 1706 483 1765 pro
506 1688 583 1744 veris
606 1684 775 1764 accipienda
797 1695 871 1744 sunt.
917 1685 1078 1744 Bastarnae
1099 1704 1157 1741 non
1180 1682 1267 1742 semel
1296 1701 1345 1741 ex-

196 1792 339 1850 ercitibus
369 1793 567 1851 Romanorum
600 1796 702 1852 terrori
736 1793 867 1866 fuerant,
904 1791 982 1852 unde
1019 1791 1105 1850 facile
1142 1792 1271 1848 narratio
1308 1790 1345 1849 de

197 1898 353 1977 pugnandi
375 1903 488 1960 ratione
510 1920 609 1960 eorum
630 1922 648 1959 a
664 1901 777 1961 Valerii
799 1908 918 1960 auctore
940 1902 1030 1979 recipi
1045 1907 1168 1978 poterat.
1214 1897 1345 1956 Dubium

196 2005 318 2065 videtur
349 2026 418 2064 num
448 2012 601 2082 Teatayoni
634 2007 717 2066 ducis
749 2027 848 2068 eorum
870 2027 976 2067 nomen
998 2009 1156 2084 genuinum
1178 2003 1345 2064 habendum

198 2116 244 2172 sit.
292 2115 424 2174 Primum
455 2115 533 2196 apud
561 2119 717 2196 scriptores
747 2135 842 2175 rerum
872 2116 1131 2195 geographicarum
1161 2115 1267 2176 ducum
1295 2136 1345 2176 no-

198 2226 281 2280 mina
305 2223 401 2282 afferri
423 2243 483 2282 non
504 2223 598 2283 solent
620 2226 677 2282 nisi
699 2223 774 2284 forte
797 2223 949 2282 clarissimi
971 2232 1057 2282 sunt:
1080 2222 1117 2282 de
1137 2224 1346 2282 Bastarnarum

200 2329 275 2390 duce
305 2332 397 2390 nobili
426 2330 601 2407 Teutagono
633 2330 707 2388 nihil
737 2332 901 2408 accipimus.
947 2328 1062 2389 Deinde
1090 2333 1209 2390 minime
1230 2350 1347 2390 necesse

200 2447 244 2496 est
267 2447 301 2498 ut
323 2439 490 2516 Teutagoni
512 2457 618 2498 nomen
640 2447 691 2496 aut
714 2436 920 2497 Germanicum
943 2446 994 2496 aut
1017 2437 1161 2496 Celticum
1192 2457 1256 2498 esse
1287 2457 1347 2497 cre-

201 2545 321 2623 damus,
353 2569 413 2606 non
443 2547 567 2628 polliciti
596 2547 713 2626 syllaba
744 2553 819 2608 Teat.
865 2547 967 2606 Altera
995 2568 1063 2627 pars
1096 2546 1183 2606 huius
1212 2549 1346 2623 nominis,

202 2680 322 2733 -ροααο,
346 2660 409 2716 sine
431 2656 521 2716 dubio
546 2655 660 2717 Graeca
682 2664 742 2732 est,
777 2665 809 2716 ut
831 2659 862 2714 in
885 2653 1038 2736 Ἰτίγονος,
1064 2650 1239 2736 Ἀντίγονος,
1261 2647 1346 2739 Ἐρι-

201 2765 286 2848 γόνη,
311 2761 512 2847 Χρυσόγονος,
536 2775 588 2825 etc.
634 2765 708 2825 Inde
731 2769 858 2846 suspicio
881 2769 913 2824 in
940 2765 1084 2844 syllabam
1108 2770 1177 2824 Toni
1205 2774 1347 2842 movetur,

204 2893 424 2954 quaererem
445 2876 475 2932 in
506 2877 617 2934 oriente
646 2877 761 2954 saepius
792 2877 948 2934 invenitur.
994 2875 1139 2933 Novimus
1172 2893 1270 2952 regem
1291 2874 1348 2934 As-

205 2986 352 3060 syriorum
374 2976 514 3044 Τευταῖον
538 2984 675 3063 (excerpt.
700 2984 766 3043 Lat.
790 2983 875 3042 Barb.
899 3005 926 3062 p.
950 2985 1010 3042 255
1035 2983 1104 3061 Fr),
1126 2985 1256 3060 reginam
1278 2983 1350 3062 Illy-

203 3088 313 3146 riorum
346 3091 463 3146 Tcotum
494 3089 613 3168 (Polyb.
637 3089 669 3146 Il
699 3091 718 3146 4
742 3109 779 3147 ss.
824 3089 901 3148 Plin.
926 3065 1033 3164 34,'24.
1078 3089 1168 3165 Trog.
1200 3087 1273 3166 prol.
1299 3091 1348 3147 28.

205 3196 341 3254 1101.ss
365 3200 391 3270 ι’),
411 3197 453 3274 2),
487 3207 599 3277 patrem
632 3199 747 3256 Biantis
775 3191 953 3278 Τευτάμεων
984 3197 1082 3276 (Diog.
1106 3197 1139 3255 L.
1164 3197 1180 3255 I
1205 3200 1253 3256 82.
1287 3197 1349 3275 88),

205 3323 303 3382 regem
325 3304 446 3365 Larisae
476 3299 643 3388 Τευταμίαν
668 3303 819 3388 (Apollod.
839 3305 872 3362 ΙΙ
895 3308 924 3380 4,
938 3305 973 3383 4),
1003 3305 1160 3382 Pelasgum
1182 3299 1349 3386 Τευταμίαν

206 3411 252 3487 (Il.
276 3413 308 3470 ΙΙ
333 3415 417 3491 843),
449 3433 546 3492 regem
575 3413 766 3493 Assyriorum
788 3407 941 3493 Τεύταμον
972 3411 1070 3490 (Diod.
1093 3413 1126 3470 ΙΙ
1150 3415 1211 3492 22),
1246 3413 1348 3474 ducem

206 3520 463 3600 argyraspidarum
486 3521 626 3580 Eumenis
649 3517 802 3602 Τεύταμον
826 3519 925 3598 (Diod.
953 3523 1001 3594 18,
1016 3545 1052 3586 ιο,
1095 3519 1174 3578 Plut.
1197 3520 1281 3578 Eum.
1301 3521 1348 3579 13.

206 3627 347 3708 Polyaen.
372 3629 416 3689 IV
441 3633 468 3704 8,
483 3629 518 3704 2),
549 3628 707 3688 bubulcum
736 3631 786 3707 qui
809 3628 965 3688 Herculem
999 3637 1090 3688 artem
1120 3631 1244 3706 sagittas
1273 3629 1351 3686 aoni-

209 3736 305 3796 ciendi
328 3735 427 3796 docuit
449 3731 596 3818 Τεύταρον
618 3737 721 3810 (schol.
745 3737 868 3796 Theocr.
892 3735 935 3795 Id.
962 3739 1009 3810 13,
1025 3761 1060 3802 aa.
1095 3735 1181 3794 schol.
1204 3735 1368 3815 Lycophr·
1427 3738 1430 3742 ’

210 3849 257 3906 51.
287 3843 373 3928 458).
430 3844 523 3904 Vides
561 3847 592 3903 in
623 3843 744 3904 Graecis
780 3845 945 3904 nominibus
979 3864 1044 3903 oum
1078 3849 1147 3904 Taot
1184 3846 1351 3922 compositis

209 3973 319 4034 semper
341 3977 360 4012 α
382 3954 508 4012 litteram
538 3955 618 4032 sequi
648 3952 782 4032 (excepto
805 3973 862 4012 uno
885 3952 959 4011 Eleo
990 3971 1075 4031 quem
1096 3946 1277 4012 Τεοτίαπλον
1300 3971 1351 4010 νο-

209 4069 255 4119 cat
277 4062 370 4120 Thuc.
394 4061 443 4119 III
468 4059 532 4140 29),
556 4067 656 4118 contra
678 4061 710 4117 in
733 4057 916 4119 Germanicis
938 4068 968 4118 et
991 4058 1113 4119 Gallicis
1136 4078 1248 4138 semper
1270 4080 1294 4132 o,
1318 4065 1351 4117 ut

209 4172 239 4229 in
261 4169 427 4230 nominibus
451 4172 500 4250 qui
523 4177 590 4227 sunt
613 4173 754 4242 Teutones,
789 4174 1014 4244 Tantobrtrptom,
1038 4173 1229 4241 Teutoboctos,
1253 4171 1350 4226 Teuto-

211 4290 309 4354 matus,
334 4283 512 4351 Teotmneres,
535 4272 741 4358 Τεοτονόαροι.
787 4277 883 4354 Igitur
905 4277 1072 4353 Teutagoni
1094 4295 1200 4334 nomen
1227 4275 1263 4333 ab
1286 4278 1351 4355 ipso

210 4386 327 4448 Valerio
362 4387 553 4466 compositum
586 4384 710 4447 videtur.
762 4385 834 4445 Alia
865 4405 981 4468 quoque
1013 4405 1059 4446 res
1090 4385 1147 4444 hoc
1178 4403 1284 4446 nomeu
1320 4387 1352 4446 in
