3190 4956
778 271 817 334 54

229 447 330 506 narrat
351 441 509 526 Langenns
531 444 659 508 breviter
682 447 809 507 absolvit
832 446 947 508 dicens:
976 468 1019 508 eos
1040 451 1156 508 ccatbcc
1176 451 1239 508 νοω
1262 465 1315 507 cccc
1337 451 1369 506 ta

229 559 293 613 betto
314 560 372 627 ipsc
389 565 474 628 pocta
495 559 603 614 uidetur
624 560 743 627 Ῑιαιικυοο.
788 554 903 614 Tamen
924 555 1075 615 Valerium
1098 553 1268 616 defensurus
1296 574 1368 613 sum.

224 658 329 719 Strabo
351 679 380 739 p.
406 661 485 735 502,
518 664 569 740 qui
596 681 646 722 eos
676 682 741 721 cum
770 661 897 722 Albanis
920 660 1073 721 confundit
1095 661 1214 722 credens
1236 681 1285 722 cos
1308 681 1368 720 non
1447 689 1450 696 »

223 768 283 826 iam
305 786 455 848 superesse
466 766 489 847 ¹)
521 768 608 829 dicit:
639 763 808 852 θηρευτικοὶ
840 764 873 829 δὲ
904 764 954 829 καὶ
977 764 1060 830 αύτολ
1082 764 1131 830 καλ
1155 768 1182 830 οἱ
1204 766 1288 840 κύνες
1311 765 1368 831 αύ-

223 877 281 934 τῶν
313 856 364 944 εἰς’
385 871 562 960 ὑπερβολήν,
595 873 629 937 ού
658 873 748 961 τέχνῃ
781 875 891 959 μᾶλλον
918 877 938 959 ἢ
970 876 1086 960 σπουδῇ
1114 876 1150 960 τῇ
1181 872 1247 960 περὶ
1269 879 1366 941 τούτο.

224 982 261 1042 Id
283 992 381 1045 tamen
402 988 498 1044 minus
520 1004 612 1062 gravo
639 993 690 1061 est,
718 1005 812 1066 neque
841 989 961 1064 gravius
992 985 1071 1067 quod
1091 987 1237 1048 Eusebius
1266 1005 1367 1068 praep.

225 1105 269 1155 ev.
296 1088 351 1152 ll‘l
372 1102 485 1153 narrat:
505 1083 646 1176 Ὑρκανοὶ
669 1089 702 1154 δὲ
724 1089 775 1156 καλ
797 1088 938 1172 Κάσπιοι,
962 1093 989 1156 ol
1014 1090 1066 1178 μὲν
1090 1093 1206 1165 οἰωνοῖς
1228 1090 1277 1157 καὶ
1300 1089 1368 1156 κυσὶ

224 1196 411 1284 παρέβαλλον
436 1203 548 1271 ζῶντας
571 1198 650 1282 (τούς
673 1199 832 1284 γεραιούς),
856 1201 885 1264 οἱ
909 1199 942 1264 δέ
964 1201 1140 1274 τεθνεῶτας.
1187 1200 1302 1266 Σκύθαι
1335 1197 1368 1263 δὲ

225 1307 467 1392 συγκατώρυπτον
491 1312 613 1385 ζῶντας,
637 1305 689 1372 καλ
710 1307 894 1394 ἐπέσραττον
924 1309 986 1381 ταῖς
1018 1312 1124 1395 πυραῖς
1158 1309 1208 1383 οθς
1242 1309 1368 1396 ἠγάπων

226 1414 254 1478 οἱ
289 1415 451 1488 τεθνεῶτες
484 1415 620 1500 μάλιστα.
667 1413 727 1480 Καὶ
752 1414 893 1504 Βάκτριοι
929 1415 962 1480 δὲ
996 1419 1056 1490 τοῖς
1083 1415 1151 1482 κυσὶ
1179 1418 1368 1506 παρέβαλλον

228 1527 341 1596 ζῶντας
374 1521 441 1596 τούς
480 1525 693 1610 γεγηρακότας.
744 1528 940 1609 Desperamus
973 1547 1007 1589 ea
1046 1549 1123 1610 qnae
1158 1529 1294 1590 Valerius
1331 1528 1369 1589 dc

226 1633 343 1717 Caspiis
376 1645 476 1696 narrat
505 1640 671 1696 testimonio
702 1637 826 1698 aliorum
857 1641 1032 1717 scriptorum
1054 1637 1185 1718 probare.
1232 1639 1370 1698 Fortasse

226 1743 285 1802 aha
316 1747 429 1805 ratione
458 1765 492 1805 eo
524 1749 656 1806 venimus
688 1766 746 1827 quo
775 1746 916 1806 volumus.
960 1746 1144 1806 Nobilissimi
1174 1755 1257 1807 orant
1284 1765 1370 1807 canes

228 1853 442 1933 Hyrcanorum,
477 1854 511 1915 cf.
535 1855 612 1915 Plut.
637 1854 673 1916 de
696 1855 757 1915 soll.
782 1875 827 1915 an.
855 1859 893 1914 14
926 1856 946 1937 ἢ
972 1850 1049 1938 μηδὲ
1072 1851 1246 1940 Λυσιμάχῳ
1268 1875 1295 1916 τι
1317 1867 1372 1936 γε-“

227 1958 343 2040 γονέναι
367 1961 459 2045 φήσει
481 1958 552 2046 πρὸς
575 1957 624 2025 τύν
642 1960 717 2025 κύνα
733 1958 782 2023 τὸν
795 1953 940 2046 Ὑρκανὸν
958 1959 1080 2042 δίκαιον,
1104 1984 1131 2027 κ.
1146 1984 1171 2026 τ.
1185 1963 1211 2024 λ.
1258 1955 1373 2026 Jamblj

227 2067 406 2153 δραματικὸν
428 2079 443 2144 ς
468 2075 506 2132 18
526 2065 671 2154 Ὑρκανὸς
700 2069 779 2134 κύων
804 2070 819 2131 h
842 2077 893 2133 τού
912 2063 1087 2142 Ῥοθάνους.
1134 2073 1287 2133 Lucretius
1308 2066 1370 2152 (III

228 2182 291 2240 750
314 2180 365 2259 s):
614 2175 616 2178 ¹

437 2296 571 2365 ecfoycrct
600 2296 677 2350 conch
699 2293 833 2367 Hyrcano
865 2293 899 2348 dc
926 2285 1028 2349 semine
1049 2308 1129 2363 eccpc

433 2403 570 2474 συναίρειν
591 2404 735 2460 incensam
757 2405 833 2459 cerci.
948 2441 950 2448 ,

229 2506 385 2587 Sepultura
421 2515 599 2568 mortuorum
635 2507 771 2567 dentibus
808 2527 927 2582 canum,
968 2527 1054 2587 quam
1093 2506 1240 2566 Eusebius
1282 2509 1371 2566 ctiam

230 2616 345 2696 Caspiis
367 2616 477 2691 tribuit,
500 2615 570 2675 solis
591 2616 740 2696 Hyrcanis
763 2615 901 2675 tribuitur
923 2637 941 2674 a
963 2613 1104 2675 Cicerone
1126 2615 1212 2674 Tusa.
1236 2615 1252 2673 Ι
1276 2618 1316 2674 45
1340 2622 1373 2676 ιο·

231 2723 380 2803 Hyrcania
411 2730 488 2800 plebs
515 2730 638 2798 publicos
672 2730 722 2785 alit
752 2745 846 2795 coccos,
885 2730 1028 2797 optimates
1059 2729 1221 2784 άοινιειιοοε.
1262 2726 1373 2784 'Nobile

233 2844 324 2894 uatem
345 2854 432 2908 penas
454 2854 554 2892 οωκιαι
576 2837 644 2893 stad
665 2839 766 2892 samus
787 2851 850 2904 csse,
873 2835 919 2891 sed
936 2852 992 2905 pro
1020 2853 1072 2891 sac
1102 2837 1217 2907 quisquc
1242 2837 1374 2906 factitata

224 2952 314 3015 parat
345 2965 363 3000 a
393 2946 493 3016 quibus
527 2946 666 3014 lanietur,
706 2959 819 3014 comque
841 2949 982 3013 optumam
1012 2945 1053 2999 illi
1084 2960 1139 2999 cccc
1162 2951 1269 3001 censeat
1292 2960 1372 3013 scpu-

229 3056 323 3110 lcrcm.
370 3049 454 3109 Idem
468 3048 642 3108 Plutarchus
664 3049 716 3126 (an
738 3050 884 3107 vitiositas
907 3045 946 3106 ad
968 3047 1168 3107 infelicitatem
1193 3048 1320 3108 sufficiat
1332 3049 1373 3126 3),

229 3167 259 3217 et
281 3156 371 3216 Silius
394 3156 488 3236 (XIII
512 3157 595 3235 474).
641 3156 847 3236 Hyrcanorum
874 3174 961 3214 canes
984 3175 1041 3214 una
1064 3175 1130 3214 oum
1152 3154 1277 3215 dominis
1309 3158 1373 3216 acic

230 3266 405 3328 contendere
441 3265 533 3326 tradit
561 3266 703 3326 Aahanus
726 3265 787 3327 VII
811 3269 850 3326 38
883 3261 1035 3348 Ὗρκανοὶς
1068 3261 1120 3326 καὶ
1153 3261 1308 3348 Μάγνησιν
1345 3262 1375 3326 οἱ

230 3373 314 3446 κύνες
331 3371 602 3459 συνεστρατεύοντο,
625 3371 676 3436 καὶ
690 3372 727 3458 ἦν
742 3370 791 3436 καὶ
814 3375 897 3436 τούτο
922 3369 1109 3458 συμμαχικὸν
1133 3369 1248 3454 άγαθύν
1273 3372 1372 3444 αύτοῖς

231 3479 282 3546 καὶ
304 3482 497 3567 ἐπικουρικόν.
544 3483 667 3564 Caspios
689 3504 834 3543 unacum
858 3482 977 3542 canibus
1000 3483 1115 3561 sepeliri
1138 3503 1213 3543 unus
1236 3484 1372 3544 Valerius

232 3600 344 3669 narrat3
374 3573 479 3673 reliqui
501 3602 634 3652 auctores
656 3592 775 3652 tradunt
798 3591 922 3671 Caspios
945 3613 963 3650 a
984 3590 1104 3651 canibus
1127 3592 1252 3673 sepeliri.
1298 3593 1374 3652 Mihi

233 3700 351 3782 quidem
373 3700 490 3762 videtur
504 3700 640 3762 Valerius
663 3701 700 3761 ab
723 3710 839 3761 auctore
861 3721 914 3760 suo
935 3701 1010 3760 nihil
1026 3700 1107 3761 aliud
1122 3705 1269 3782 accepisse
1284 3722 1373 3783 quam

233 3831 287 3870 nos
309 3809 351 3896 ab*
372 3810 538 3871 auctoribus
560 3831 634 3891 qnos
657 3811 757 3885 attuli3
789 3808 841 3870 sed
867 3812 981 3890 poetico
1011 3812 1128 3889 ingenio
1151 3809 1295 3871 adductus
1317 3811 1376 3871 foe-

233 3919 301 3984 dam
323 3921 405 3980 illam
427 3920 620 4000 sepulturum,
652 3939 727 4001 quae
750 3920 886 3980 abhorret
907 3939 925 3979 a
947 3921 1040 4001 polito
1068 3923 1208 3996 carmine,
1241 3925 1376 3998 mutavit,

309 4173 378 4247 1)fH
399 4173 547 4250 Καοπιανύγ,
576 4182 621 4232 τού
641 4171 757 4232 Κασπίου
785 4173 871 4239 ἔθνους
891 4177 1033 4250 ἐπώνυμος,
1063 4175 1138 4250 ούπερ
1157 4179 1200 4234 καὶ
1217 4179 1233 4252 ἡ
1253 4177 1376 4244 θάλαττα,

233 4271 344 4346 ἀφανοῦς
371 4269 442 4331 ὄντος
469 4273 528 4326 νυνί.
568 4271 673 4327 Valerii
697 4270 777 4326 fidem
803 4289 857 4326 non
883 4273 973 4341 tangit
992 4273 1091 4327 Strabo
1117 4273 1185 4328 haec
1208 4279 1283 4328 recte
1302 4273 1377 4328 dicat

232 4381 325 4433 necne,
345 4381 406 4420 cum
424 4364 523 4433 reliqui
542 4364 692 4434 scriptores
713 4365 827 4435 Caspios
846 4365 906 4420 loco
927 4367 1093 4422 exstantium
1111 4366 1239 4435 habeant,
1258 4372 1289 4422 ut
1308 4366 1377 4424 Plin.

232 4457 271 4516 Vl
290 4460 332 4515 39.
353 4460 395 4515 45.
416 4461 459 4514 46.
481 4461 540 4515 114.
580 4458 694 4515 Ptolem.
715 4458 824 4531 V12‚,.
