3190 4956
779 191 817 250 41

228 361 282 432 acl
315 363 407 437 ἄλλας
445 362 573 437 πλεῖους.
616 365 664 427 Do
696 366 790 427 forma
820 366 948 426 nominis
981 362 1118 427 dubitant
1139 368 1176 425 'et'
1196 361 1313 426 codices
1342 367 1373 426 et

225 477 366 541 editores.
411 477 470 540 Res
493 475 671 538 diiudicatur
691 476 832 556 Stephani
854 475 993 557 Byzantii
1014 475 1195 536 testimonio:
1228 469 1368 561 daipertus,

235 585 318 656 πόλις
342 581 512 669 Βακτρίας,
545 584 586 654 ὥς
618 577 769 666 Στράβων.
804 581 837 644 τὸ
861 577 979 643 &bsurde
1010 575 1189 665 Δαραψηνὸς
1219 577 1274 644 καὶ
1304 581 1372 646 Δα-

230 693 384 782 patrante.
429 693 582 754 Valerium
603 709 672 753 vere
694 691 731 752 de
752 694 872 770 regione
892 690 944 750 illa
958 692 1043 769 regni
1057 689 1211 751 Persarum
1227 693 1371 768 cogitasse

227 803 362 866 videmus
377 821 414 864 ex
430 822 544 864 conexu
558 804 728 862 nominum:
757 806 850 862 Datin
872 799 989 880 (nomen
1011 800 1163 860 Persicum
1170 795 1191 879 1)
1222 804 1371 860 Actume-

225 919 293 974 m'cc
316 911 464 992 (Persicae
471 910 491 990 1)
517 917 630 987 grauior
651 915 685 970 de
706 913 814 971 minere
838 929 953 985 pepone
969 907 981 987 ΙΙ
996 913 1072 968 vuisit
1098 913 1131 968 ia
1153 929 1235 968 arma
1257 913 1374 983 Daraps

229 1021 379 1101 (Bactriae
400 1017 577 1100 oppidani),
599 1023 671 1080 aare
692 1038 771 1094 quem
793 1022 905 1078 Martia
926 1023 1028 1077 ciream
1044 1014 1056 1098 ΙΙ
1072 1019 1271 1092 Ganymedem
1289 1015 1374 1096 (gens

221 1127 328 1189 Indiae
338 1129 363 1205 i).
409 1127 547 1188 Valerius
568 1127 650 1188 hisce
671 1125 837 1186 nominibus
859 1125 978 1187 brevem
1000 1128 1200 1186 excursionem
1222 1129 1255 1184 in
1277 1144 1371 1185 romo-

222 1241 351 1299 tissimus
373 1241 506 1316 regiones
530 1239 650 1298 orientis
671 1235 761 1298 facit:
793 1255 834 1296 vs.
861 1237 899 1298 65
927 1239 1061 1316 regiones
1084 1235 1223 1296 Ponticas
1254 1235 1372 1310 deserit,

225 1367 270 1406 vs.
295 1348 335 1408 67
360 1365 395 1406 eo
417 1349 545 1407 revertit.

308 1458 445 1531 &aanor
478 1454 534 1535 (VI
560 1454 644 1534 106).
695 1454 881 1532 Drangarum
912 1452 995 1512 sedes
1032 1455 1161 1512 omnium
1195 1455 1370 1532 scriptorum

222 1567 389 1626 testimonio
421 1567 453 1623 in
475 1562 550 1622 Aria
579 1561 617 1622 ad
645 1563 728 1622 illum
750 1563 847 1622 lacum
869 1570 936 1622 sunt
957 1581 1044 1644 quem
1066 1561 1154 1622 hodie
1176 1562 1296 1622 Hamnu
1319 1583 1370 1644 ap·

221 1674 374 1755 pellamus,
408 1671 502 1733 Strab.
528 1674 589 1733 723
614 1693 656 1748 a,
694 1672 770 1732 Ptol.
792 1673 837 1732 VI
863 1675 948 1747 19,1.
995 1672 1106 1733 Justin.
1125 1675 1174 1747 12,
1187 1697 1209 1738 5.
1226 1697 1248 1737 s.
1289 1675 1372 1748 13‚r.

219 1807 256 1848 m.
301 1781 378 1840 Plin.
403 1781 448 1843 Vl
473 1785 531 1856 61,
557 1783 606 1841 94.
652 1781 736 1842 Haec
766 1800 838 1859 gens
875 1783 1069 1840 remotissima
1100 1781 1181 1840 nullo
1215 1780 1301 1840 modo
1339 1785 1372 1840 in

222 1890 354 1952 Sallustii
378 1893 437 1950 situ
458 1891 548 1949 Ponti
571 1889 719 1970 descripta
741 1908 803 1951 esse
824 1893 928 1970 potuit.
974 1889 1090 1949 Eorum
1113 1893 1163 1972 qui
1186 1889 1373 1968 Gangaridas

221 2001 396 2059 coniecturis
431 1998 617 2080 expellebant
649 1997 706 2058 fuit
736 2006 769 2058 nt
800 2001 889 2058 etiam
916 1998 1053 2076 Drangae
1084 1997 1172 2080 paulo
1200 2000 1298 2058 minus
1327 2017 1371 2058 re·

221 2117 315 2168 motos
352 2108 493 2168 tollerent.
544 2107 652 2189 Opinio
684 2107 797 2169 Valerii
830 2107 1041 2188 geographiam
1075 2127 1112 2168 ex
1143 2106 1275 2168 Sallustii
1312 2111 1372 2167 situ

219 2219 311 2278 Ponti
332 2219 467 2278 haustam
489 2235 553 2278 esse
574 2217 645 2278 inde
666 2224 779 2277 tanturn
800 2220 882 2277 nasci
904 2219 1009 2296 potuit,
1033 2215 1111 2298 quod
1132 2218 1189 2276 viri
1212 2215 1293 2276 docti
1316 2236 1371 2296 pu·

222 2323 327 2386 tabant
360 2333 463 2404 gentes
493 2347 511 2384 a
533 2325 652 2386 Valerio
686 2329 809 2386 carmini
842 2346 894 2385 suo
924 2329 1053 2386 intextas
1083 2347 1145 2386 non
1173 2328 1216 2386 ita
1245 2325 1374 2404 longea

223 2436 320 2495 Ponto
343 2438 415 2495 sitas
437 2454 517 2512 esse;
552 2454 626 2516 quae
646 2438 745 2516 opinio
768 2443 845 2495 sture
866 2437 926 2494 iam
947 2455 1006 2495 non
1028 2443 1125 2516 potest
1145 2443 1300 2517 postquam
1323 2433 1373 2495 de·

221 2553 413 2604 monstratum
444 2551 490 2604 est
525 2553 627 2622 gentes
660 2545 698 2604 ab
726 2544 779 2604 illo
807 2552 924 2605 auctore
956 2544 1116 2625 descriptas
1146 2544 1235 2606 brisso
1267 2545 1373 2627 quibus

225 2675 290 2714 oum
312 2654 408 2713 Ponto
432 2662 462 2714 et
484 2653 694 2714 Mithradatico
717 2653 794 2716 bello
819 2655 937 2714 omnino
960 2654 1110 2714 uallares
1133 2663 1184 2714 est.

311 2768 422 2822 Emoda
452 2763 509 2842 (VI
535 2764 615 2842 143).
663 2763 806 2823 Traditur
828 2763 959 2839 Emeda,
992 2763 1029 2824 de
1058 2784 1116 2845 quo
1148 2768 1266 2826 nomine
1298 2766 1374 2826 nihil

225 2871 375 2932 enucleare
396 2874 487 2952 potui.
534 2870 739 2933 coniecturam
761 2875 824 2933 siue
845 2873 906 2932 ulla
929 2872 1114 2934 dubitatione
1135 2891 1235 2934 veram
1258 2878 1371 2934 Enmdu

224 2979 381 3058 Langenus
403 2983 514 3060 respuit
536 2979 653 3040 dicens:
671 3001 789 3055 prorsas
812 3001 870 3041 noa
887 2987 1031 3056 probabile
1051 2985 1191 3043 Valeriano
1214 2986 1248 3042 dc
1265 2986 1374 3042 Emodo

223 3093 263 3148 cet
284 3091 402 3150 Ernodt's
423 3095 562 3150 omatibus
583 3094 685 3150 Indice
705 3095 869 3150 manorum
890 3097 938 3151 boc
959 3097 1014 3151 loco
1035 3097 1136 3165 fecsse.
1182 3091 1229 3150 De
1250 3090 1307 3150 hac
1338 3107 1371 3151 re

223 3201 283 3257 iarn
305 3199 395 3270 verba
416 3198 480 3258 feci.
525 3199 646 3258 Minime
667 3199 871 3280 improbabilis
894 3208 938 3260 est
959 3200 1032 3260 haec
1054 3200 1195 3260 facillima
1225 3205 1372 3277 correctio,

225 3309 361 3386 quoniam
396 3305 582 3398 Gangaridas
615 3307 707 3366 multo
740 3307 959 3388 longinquiores
992 3315 1066 3368 suot.
1118 3307 1250 3368 Emodus
1286 3329 1370 3368 mons

224 3416 277 3495 (=
302 3416 402 3475 Imaus
426 3443 466 3468 =
489 3417 633 3476 Himavat
656 3443 696 3469 =
720 3417 893 3496 Himalaya)
915 3436 1035 3477 nonen
1057 3424 1214 3496 conspectu
1236 3426 1368 3478 veterum

223 3531 350 3584 remotus
379 3533 460 3600 erat;
494 3543 553 3583 non
586 3533 649 3584 erat
674 3527 736 3604 ipse
758 3524 919 3605 Himalaya
939 3545 1038 3600 mons,
1072 3523 1125 3584 sed
1147 3543 1182 3585 oa
1204 3545 1272 3604 pars
1295 3545 1370 3606 quae

222 3633 300 3692 inter
322 3632 400 3692 hunc
421 3641 549 3692 montem
570 3641 600 3693 et
621 3632 832 3713 Paropanisum
854 3636 944 3709 iacet,
980 3655 1066 3714 quam
1088 3653 1142 3694 nos
1164 3633 1287 3694 dicimus
1309 3635 1367 3694 Pa·
1410 3619 1412 3626 ’

224 3743 287 3800 mir.
320 3741 396 3800 Plin.
420 3741 449 3801 V
473 3744 521 3801 98.
551 3742 598 3802 VI
622 3745 671 3803 60.
717 3742 813 3802 Anon.
844 3762 942 3820 geogr.
974 3763 1065 3824 comp.
1099 3746 1148 3802 28.
1193 3743 1297 3804 Eusth.
1330 3745 1369 3805 ad

219 3851 306 3910 Dion.
329 3851 395 3912 Per.
419 3853 481 3912 747
506 3849 604 3912 Oxum
625 3851 695 3912 inde
723 3860 889 3912 nascentem
920 3852 998 3912 lacit.
1043 3851 1090 3913 Ne
1124 3855 1219 3933 poetis
1250 3854 1369 3934 quidem

222 3963 339 4038 ignotus
361 3969 431 4036 erat,
454 3961 489 4020 cf.
512 3961 600 4039 Verg.
617 3961 690 4022 Aen.
704 3961 735 4019 X
758 3963 820 4020 424
844 3964 884 4039 (v.
907 3983 934 4042 p.
954 3960 1015 4042 12).
1060 3961 1199 4022 Nonnum
1222 3965 1272 4036 40,
1293 3965 1367 4026 260.

224 4067 330 4129 Anien.
356 4072 426 4129 926.
476 4069 553 4129 Plin.
576 4070 620 4131 Vl
646 4071 694 4130 56.
726 4073 774 4130 88.
819 4069 907 4130 Diod.
933 4073 960 4144 2,
984 4071 1043 4152 359
1077 4070 1246 4150 Ampelium
1269 4071 1312 4130 VI
1339 4075 1365 4130 6.

222 4177 317 4238 Amm.
340 4177 455 4238 XXHI
472 4182 499 4254 6,
516 4181 543 4238 7.
563 4181 611 4254 13,
627 4181 675 4238 14.
695 4182 743 4238 64.
789 4177 911 4240 Suidam
939 4174 1090 4262 Ἠμωδόν.
1136 4177 1277 4239 Videmus
1307 4179 1366 4239 Va·

224 4286 327 4348 lerium
349 4287 515 4366 catalogum
538 4309 622 4348 suurn
645 4291 777 4367 angustis
799 4287 906 4348 finibus
929 4286 1163 4349 circumscribere
1184 4287 1319 4348 noluisse.

311 4397 467 4457 &ornatae
489 4390 550 4481 (VI
567 4395 649 4478 144).
694 4393 907 4457 Exomatarum
927 4414 1002 4477 gens
1024 4396 1185 4479 antiquitus
1207 4399 1278 4458 uota
1300 4402 1369 4460 erat.
