3190 4956
789 235 838 292 ‹146

245 407 383 470 Valerius
405 415 591 488 praematura
620 417 712 468 morte
741 407 910 487 impeditus.
928 414 979 466 est.
1024 404 1121 464 Situm
1141 404 1314 485 Hyrcaniae
1344 403 1395 467 de·

244 521 399 577 monstrari
429 539 489 578 non
518 537 592 596 opus
624 526 683 594 est,
716 526 794 576 recte
816 516 952 576 Valerius
974 515 1131 594 Hyrcanas
1153 518 1230 574 inter
1253 516 1394 593 Drangae

244 625 408 706 Caspiadas
436 625 563 686 Hiberos
597 633 752 684 enumerat.
806 622 896 684 Haud
929 644 994 682 raro
1026 633 1130 703 poetae
1162 624 1322 703 Hyrcanos
1357 629 1390 684 in

243 735 371 794 carmina
393 753 446 792 sua
467 739 653 812 receperunt:
684 741 783 791 tamen
814 739 936 811 apparet
959 729 1114 791 Valerium
1147 752 1206 791 non
1230 752 1266 792 ex
1290 733 1391 814 aliquo

244 849 332 922 poeta
355 861 404 901 eos
426 833 653 900 commemorare.
698 839 815 899 Laudat
837 841 914 898 enim
936 838 982 898 VI
1008 842 1067 898 116
1097 840 1188 906 silvas
1210 842 1391 921 Hyrcaniae,

245 969 317 1030 quas
346 949 383 1008 ab
416 957 534 1008 auctore
555 947 669 1008 Valerii
702 947 863 1028 descriptas
891 947 981 1008 fuisse
1013 949 1190 1028 reliquorum
1218 953 1392 1029 scriptorum

240 1061 405 1121 testimonio
428 1057 568 1119 firmatur.
606 1056 696 1142 Solin.
716 1059 763 1130 17,
787 1059 972 1133 4Hyreaaa'a
993 1079 1059 1132 qaas
1074 1074 1174 1132 aspera
1196 1064 1276 1119 stloaa
1321 1058 1387 1119 Ser·

244 1169 309 1225 vius
332 1165 370 1224 ad
391 1165 464 1226 Aen.
487 1165 549 1225 VII
575 1167 634 1224 605
660 1171 830 1243 Hprcara'sae
851 1187 916 1241 perro
938 1176 975 1226 est
997 1171 1070 1226 dieta
1093 1189 1112 1226 a
1140 1173 1208 1227 citae
1230 1171 1388 1249 Hyrcania·

246 1273 284 1333 ad
306 1274 351 1335 VI
376 1277 437 1334 367
460 1295 528 1333 aem
551 1279 698 1351 Hyrcaaa'a
725 1279 792 1334 crica
822 1284 860 1334 eet
881 1277 1016 1334 Arabiae,
1061 1273 1141 1334 Mela
1163 1276 1213 1334 ΠΙ
1236 1279 1276 1336 43
1308 1283 1390 1337 sturae

245 1389 303 1443 elia
325 1404 430 1458 qaoque
454 1389 520 1444 dira
542 1389 678 1443 aaa'raaba'a
701 1404 793 1443 aeram
814 1393 840 1442 et
861 1389 945 1458 tiyrec
972 1390 1068 1456 ferant
1096 1391 1194 1458 atique
1216 1367 1387 1461 Hyrcaniae.

245 1491 321 1551 Plin.
344 1492 457 1551 XXXI
480 1494 519 1552 43
551 1499 584 1552 a'a
615 1497 756 1570 Hyrcanis
792 1498 930 1553 meatibus
968 1515 986 1551 a
1021 1497 1178 1554 meridiano
1214 1499 1297 1552 latere
1329 1516 1388 1554 aea

243 1607 331 1675 pluam
362 1607 424 1662 ideo
453 1606 572 1677 adaperi
604 1606 638 1660 ab
670 1603 807 1676 aquilonis
833 1611 944 1661 tactam
962 1612 1045 1674 parte
1068 1612 1141 1661 caat.
1186 1602 1304 1674 Tabula
1326 1603 1388 1663 Hb·

244 1709 382 1769 storfiana
406 1712 440 1768 3:
474 1713 623 1787 Hyrcania
651 1715 725 1770 stloa.
771 1707 844 1770 Inde
873 1709 997 1768 efficitur
1028 1710 1212 1789 geographos
1243 1709 1279 1770 de
1306 1711 1390 1770 silvis

243 1818 413 1897 Hyrcaniae
437 1820 621 1898 quaesivisse.
646 1870 652 1876 ,.
666 1819 712 1878 De
736 1821 827 1877 antris
848 1818 1018 1896 Hyrcaniae
1039 1840 1066 1877 v.
1089 1839 1110 1877 s.
1135 1817 1236 1878 Getae.

331 1931 461 1987 Jaaaaa
483 1927 524 2003 (V
548 1922 632 2008 593).
678 1925 819 1986 Jaxartes
842 1928 938 1984 socius
956 1925 1133 1986 Colchorum
1154 1929 1197 1985 ita
1219 1929 1389 1986 nominatus

246 2043 290 2096 est
313 2056 330 2093 a
352 2035 478 2095 Jaxarte
499 2035 552 2093 illo
576 2034 696 2094 flumine
718 2032 895 2112 Sogdianae.

331 2148 402 2202 Irea
424 2141 486 2223 (111
511 2145 580 2200 111.
604 2142 649 2202 VI
673 2140 754 2220 201).
800 2141 868 2200 Hoc
890 2160 996 2200 nomen
1013 2161 1069 2221 quo
1084 2139 1220 2202 Valerius
1238 2142 1283 2202 bis
1299 2145 1392 2202 utitur

246 2251 386 2332 Scytham
408 2259 437 2310 et
459 2250 637 2331 Cyzicenum
649 2245 673 2332 ¹)
695 2250 862 2328 significans
884 2269 921 2310 cx
943 2250 1045 2328 lingua
1066 2250 1175 2310 Latina
1203 2261 1254 2312 aut
1277 2251 1391 2312 Graeca

245 2360 394 2441 explicare
426 2380 485 2419 non
515 2379 642 2439 possum.
688 2357 823 2440 Vidimus
857 2366 886 2418 et
915 2357 1080 2418 videbimus
1102 2359 1216 2420 Valerii
1244 2363 1390 2421 auctorem

246 2472 333 2530 etiarn
356 2468 465 2549 oppida
485 2489 545 2528 non
573 2488 668 2549 pauca
699 2467 902 2548 descripsisse3
937 2487 1057 2546 quorum
1090 2469 1123 2526 in
1152 2489 1271 2528 numero
1302 2473 1391 2530 etiam

247 2577 437 2638 barbarorum
460 2576 568 2658 oppida
590 2577 680 2636 fuisse
702 2577 838 2657 Darapsa
860 2597 914 2636 nos
942 2575 1050 2639 docuit.
1096 2577 1145 2638 sic
1173 2579 1308 2639 Valerius
1331 2581 1392 2639 lro-

245 2691 292 2746 nis
314 2706 420 2748 nomen
443 2686 481 2746 ad
504 2686 604 2747 urbem
627 2686 756 2766 aliquam
779 2689 856 2746 circa
878 2685 1040 2748 Caucasum
1063 2689 1149 2746 sitam
1171 2688 1270 2763 finxit,
1303 2702 1391 2768 quam·

245 2796 373 2856 nobilem
395 2817 454 2856 uon
475 2796 563 2856 fuisse
585 2795 655 2856 inde
677 2796 814 2874 colligere
835 2795 905 2855 licet
928 2795 1006 2875 quod
1035 2804 1150 2875 praeter
1171 2797 1323 2857 Valerium
1358 2807 1388 2859 et

243 2907 445 2994 Rauennatem
474 2905 571 2964 nullus
600 2907 724 2985 scriptor
752 2906 922 2982 vestigium,
940 2908 1002 2964 eius
1024 2905 1108 2966 nobis
1131 2911 1268 2966 servavit.
1315 2909 1390 2969 Rau.

245 3015 278 3074 II
302 3019 361 3074 12:
396 3019 473 3088 Qaae
496 3021 610 3089 patriae
633 3010 785 3098 (Armenia
808 3011 909 3072 Siania
931 3012 1061 3072 Albama
1082 3018 1177 3093 patria
1199 3015 1389 3092 Massageten

244 3127 342 3205 patria
364 3123 497 3205 Caspiae,
519 3127 631 3204 patriae
654 3125 756 3205 Lepon
778 3123 877 3183 Iberia
898 3126 995 3203 patria
1010 3123 1167 3207 Laaorum)
1190 3131 1271 3198 iufra
1292 3147 1320 3185 aa
1336 3131 1386 3185 ha·

246 3239 309 3294 beat
341 3239 461 3295 diversas
488 3239 645 3308 praetactae
677 3233 829 3314 [secuntur
856 3231 991 3312 nomina]
1024 3239 1057 3292 ta
1079 3237 1178 3307 arabas
1201 3238 1322 3324 (littereas
1344 3269 1388 3279 -

245 3351 314 3406 satie
335 3350 412 3421 loape
433 3350 540 3420 lateque
562 3351 686 3404 ecictwat
707 3348 901 3416 spatiosissime
925 3373 965 3385 -
984 3346 1125 3415 phaimas
1148 3338 1236 3420 faisse
1268 3347 1390 3403 eiectans

245 3459 375 3527 tacimus,
409 3473 442 3513 ee
465 3458 565 3528 quibas
587 3458 748 3527 aliquantas
770 3455 915 3525 desipuere
936 3455 1074 3510 adamas:
1107 3455 1206 3510 Aratea
1223 3461 1259 3510 'et
1281 3453 1393 3510 Sedena

246 3566 334 3621 Iroaa
356 3567 453 3636 Arepa
475 3567 568 3622 Polite
589 3569 643 3620 ete.
688 3560 737 3618 Ex
759 3562 831 3639 ipsis
852 3559 912 3618 illis
935 3560 1023 3646 terris
1036 3575 1118 3638 quas¹
1135 3559 1291 3619 Ravennae
1321 3579 1392 3620 cnu-

246 3679 339 3730 merat
361 3670 497 3731 Valerius
519 3670 678 3750 permultas
699 3689 745 3728 res
768 3667 866 3728 attulit
888 3667 965 3728 unde
987 3667 1152 3747 colligimus
1175 3689 1224 3730 eos
1251 3673 1322 3728 satis
1338 3670 1393 3731 ‘ac-

246 3787 344 3840 curate
367 3779 529 3859 descriptas
550 3779 647 3840 fuisse.
693 3777 748 3838 Cui
770 3779 851 3857 genti
874 3765 1096 3837 adscribendum
1119 3780 1158 3837 sit
1179 3777 1236 3836 hoc
1250 3777 1390 3858 oppidum

245 3906 338 3968 neque
360 3907 397 3948 ex
419 3888 590 3947 Rauennate
612 3905 705 3967 neque
728 3904 766 3946 ex
789 3886 906 3946 Valerio
930 3893 1058 3966 apparet.

335 3999 475 4090 Baedorus
504 3995 668 4078 (V1750).
714 3993 840 4056 Tradita
873 3997 898 4054 si
933 3995 1141 4074 perlustramus
1171 3993 1284 4054 duobus
1317 3994 1392 4056 locis

321 4311 346 4382 l)
365 4307 521 4382 Cyzicenos,
541 4308 565 4367 si
583 4307 698 4380 legimus
717 4307 813 4379 Hiran,
840 4307 931 4380 potuit
945 4303 1017 4382 Ἵρων
1037 4321 1105 4377 esse,
1131 4308 1147 4364 i.
1168 4326 1191 4368 e.
1212 4305 1302 4385 Ἱέρων.
1341 4307 1391 4384 Cy·

245 4399 401 4468 nicenorum
420 4401 602 4484 nominannon
620 4400 703 4466 facile
722 4400 857 4482 barbarae
876 4398 989 4466 originis
1009 4411 1069 4453 esse
1088 4399 1170 4466 dicas.
