3190 4956
753 242 794 302 74

197 408 276 471 haud
299 411 398 492 inepte
421 411 605 474 coniciebant
626 413 731 495 Tyres.
776 415 833 474 Est
855 423 950 476 autem
973 435 1004 476 re
1026 436 1097 477 vera
1118 417 1225 477 fluvius
1240 417 1340 498 Lycus

196 522 227 579 in
250 519 427 582 Maeotidem
449 542 479 582 se
509 525 661 602 proiciens,
694 521 804 582 Herod.
828 523 874 582 IV
900 526 970 584 123.
1015 524 1091 584 Ptol.
1115 526 1165 586 ΠΙ
1189 526 1216 599 5,
1231 552 1253 598 ι,
1284 527 1341 584 ita·

199 647 256 710 que
277 649 371 709 neque
393 629 431 690 de
451 629 536 711 Lyoo'
557 631 715 712 Bithyniae
737 652 830 712 neque
853 631 890 691 de
911 633 994 711 Tyra
1016 631 1206 710 cogitandum
1228 641 1279 692 est.

286 743 415 800 Maeotis.
461 738 543 798 Duas
566 757 612 799 res
634 737 757 798 adnotat
778 739 914 800 Valerius
936 743 966 799 in
990 739 1138 802 Maeotide
1169 760 1340 800 commemo·

199 846 299 908 sanda.
344 847 389 909 VI
414 850 453 909 38

520 977 607 1033 neque
629 963 702 1017 enim
724 963 809 1033 ρόαροι
830 963 958 1034 pentibus
979 961 1037 1017 αόα

374 1069 468 1124 ditior.

200 1169 384 1252 Quicumque
406 1173 525 1252 longum
547 1171 672 1233 indicem
694 1177 824 1252 gentium
848 1176 925 1233 eirea
947 1172 1124 1232 Maeotidem
1146 1171 1341 1230 habitantium

199 1277 273 1356 legit
301 1281 343 1338 ita
373 1278 470 1340 dicere
498 1284 608 1360 potuit3
640 1289 738 1341 tamen
759 1282 861 1340 harum
885 1284 1015 1362 ipsarum
1037 1283 1168 1360 gentium
1189 1298 1341 1338 numerum

200 1387 358 1467 geographi
384 1388 558 1464 extulerunt,
581 1389 663 1448 velut
685 1389 782 1469 Steph.
806 1389 877 1468 Bya.
904 1385 1053 1465 Μαιῶται,
1086 1385 1171 1456 ἔθνος
1195 1380 1340 1446 Σκυίλικδν

202 1492 338 1577 μέγιστον
362 1491 410 1558 καί
433 1492 681 1579 πολυάνθρωπον.
726 1497 872 1576 (Maeotae
893 1518 953 1556 non
982 1519 1041 1557 una
1070 1517 1142 1576 gens
1173 1502 1257 1566 sunt,
1290 1492 1341 1552 sed

198 1605 254 1664 hoo
276 1607 394 1664 nomine
417 1605 578 1686 complures
601 1606 840 1684 complectuntur,
863 1605 897 1664 ei.
911 1605 1043 1665 Strabon.
1057 1629 1083 1686 p.
1097 1609 1159 1665 494
1184 1592 1340 1686 διῄρηνται

201 1707 234 1772 δὲ
257 1710 298 1781 εἰς
321 1707 394 1794 ἔδνη
419 1709 520 1773 πλείω.
566 1713 658 1773 Solia.
684 1715 722 1772 95
756 1718 827 1774 diues
856 1720 945 1773 αι’ναω
967 1724 1051 1783 terra,
1081 1721 1211 1788 frequens
1229 1717 1340 1788 popidis

200 1824 353 1879 numerosis
376 1829 401 1879 et
423 1825 596 1880 ι’πιωααίόωο.
642 1821 700 1879 His
722 1819 837 1880 duobus
858 1820 931 1880 locis
955 1841 1019 1880 cum
1041 1821 1093 1880 illo
1116 1822 1229 1880 Valerii
1251 1841 1340 1880 versu

200 1931 362 1988 coniunctis
385 1933 440 1989 nisi
464 1933 619 1990 statuimus
641 1929 791 1990 Valetium
813 1931 886 1990 haec
908 1929 1052 1991 dicentem
1080 1953 1098 1990 a
1129 1932 1342 2010 chorographia

198 2035 333 2118 pendere.
371 2037 470 2098 Verba
491 2037 529 2096 ad
547 2057 697 2097 numerum
713 2038 894 2097 Maeotamm
911 2034 1341 2122 extollendum(V136-39)

200 2145 347 2226 Vergilius
370 2149 396 2207 ei
420 2147 660 2220 subministravit,
683 2146 728 2206 Vt
753 2149 813 2205 625
838 2168 875 2209 ss.

288 2255 384 2316 Multo
407 2258 543 2332 graviora
566 2275 601 2314 ea
623 2263 698 2328 sunt,
722 2275 799 2335 quae
821 2256 866 2315 IV
891 2259 953 2314 714
977 2277 1013 2316 ss.
1036 2257 1159 2334 legimus
1183 2258 1339 2319 decausis

199 2389 250 2430 eur
272 2367 396 2428 Maeotis
419 2371 448 2422 st
470 2362 582 2420 Pontus
604 2344 715 2420 tantam
738 2365 798 2420 vim
830 2383 924 2444 aquae
954 2363 1111 2424 effundant.
1156 2365 1258 2427 Verba
1280 2367 1341 2426 Va-

200 2477 263 2539 lerii
298 2481 463 2550 „cesserunt
492 2472 599 2531 litora“
622 2471 780 2549 Langenus
814 2472 891 2531 male
920 2476 1127 2553 interpretatus
1150 2483 1202 2535 est.
1248 2475 1341 2535 Uber-

201 2589 272 2648 rima
294 2584 384 2645 verba
406 2583 519 2641 Valerii
541 2581 687 2660 explicata
709 2584 841 2640 invenies
864 2580 943 2661 apud
967 2582 1125 2662 Polybium
1140 2584 1184 2642 IV
1208 2587 1258 2644 39.
1282 2584 1302 2655 ς’
1321 2587 1337 2642 1

197 2689 237 2756 Ὃ
271 2689 307 2775 δὴ
339 2689 518 2772 καλούμενος
544 2687 655 2759 Πόντος
691 2686 754 2773 ἔχει
780 2686 832 2772 τὴν
857 2685 908 2770 μὲν
933 2687 1105 2774 περίμετρον
1136 2687 1258 2771 ἔγγιστα
1280 2694 1338 2752 τῶν

203 2799 363 2886 δισμυρίων
387 2796 437 2862 καί
461 2796 613 2883 δισχιλίων
639 2797 776 2878 σταδίων,
802 2798 934 2882 στόματα
957 2796 990 2860 δὲ
1023 2795 1105 2862 διττά
1128 2796 1203 2862 κατὰ
1233 2796 1339 2883 διάμε-

199 2934 267 2998 τρον
290 2909 429 2992 ἀλληλοις
452 2906 582 2991 κείμενα,
605 2903 638 2970 τό
662 2911 713 2990 μὲν
736 2907 770 2968 ἐκ
793 2913 845 2991 τῆς
872 2905 1071 2989 Προπόντιδος
1102 2905 1135 2970 τό
1167 2906 1200 2971 δὲ
1231 2909 1264 2970 ἐκ
1286 2913 1339 2993 τῆς

202 3019 376 3089 Μαιώτιδος
398 3016 512 3101 λίμνης,
534 3019 599 3100 ἥτις
622 3014 697 3100 αὐτὴ
721 3016 790 3079 καθ’
814 3015 906 3100 αὑτὴν
929 3017 1156 3103 ὀκτακισχιλίων
1181 3016 1245 3104 ἔχει
1269 3041 1342 3080 στα-

201 3127 271 3191 δίων
304 3123 356 3208 την
387 3123 583 3208 περιγραφήν.
636 3133 650 3198 5
675 3130 692 3185 2
724 3123 765 3195 εἰς
798 3121 831 3185 δὲ
863 3121 900 3187 τά
934 3124 1135 3210 προειρημένα
1165 3126 1340 3210 κοιλώματα

200 3238 318 3302 πολλῶν
344 3231 395 3319 μὲν
417 3229 467 3296 καί
492 3232 630 3317 μεγάλων
653 3237 795 3317 ποταμῶν
818 3233 854 3297 ἐκ
872 3239 925 3318 τῆς
941 3231 1036 3305 Ἀσίας
1059 3234 1274 3321 ἐκβαλλόντων,
1299 3232 1342 3297 ἔτι

202 3346 234 3412 δὲ
259 3345 402 3429 μειζόνων
424 3341 475 3406 καί
499 3343 644 3408 πλειόνων
667 3344 700 3406 ἐκ
716 3349 768 3427 τῆς
786 3341 942 3428 Εὐρώπης,
962 3342 1115 3430 συμβαίνει
1133 3341 1184 3428 μὲν
1204 3342 1339 3408 Μαιῶτιν

201 3452 465 3540 άναπληρουμένην
497 3450 552 3516 ὑπὸ
582 3452 693 3516 τούτων
725 3453 782 3538 μεῖν
815 3453 857 3524 εἰς
886 3450 935 3516 τὸν
969 3451 1080 3516 Πόντον
1113 3449 1161 3516 διά
1192 3455 1241 3516 τοῦ
1273 3453 1343 3515 στό-

203 3589 303 3654 ματος,
327 3561 376 3627 τὸν
400 3560 433 3624 δὲ
459 3561 571 3625 Πόντον
594 3561 636 3632 εἰς
667 3559 720 3645 τὴν
745 3560 943 3646 Προποντίδα.
990 3567 1045 3636 §3
1079 3563 1212 3625 καλεῖται
1245 3559 1277 3624 δὲ
1308 3558 1341 3624 τό

203 3674 254 3763 μὲν
275 3679 328 3758 τῆς
352 3670 525 3741 Μαιώτιδος
549 3669 644 3754 στόμα
666 3667 849 3754 Κιμμερικδς
873 3667 1037 3756 Βόσπορος,
1062 3671 1077 3733 ὃ
1100 3669 1133 3733 τό
1159 3668 1210 3755 μὲν
1233 3667 1342 3740 πλάτος

202 3784 266 3874 ἔχει
289 3779 356 3868 περί
378 3778 533 3866 τριάκοντα
557 3777 672 3860 στάδια,
705 3776 738 3841 τὸ
774 3775 807 3841 δὲ
838 3785 931 3863 μῆκος
962 3779 1114 3864 ἑξήκοντα,
1146 3783 1203 3843 πᾶν
1237 3775 1342 3842 δ’ἐστίν

202 3887 331 3960 άλιτενές
365 3935 401 3948 ..
429 3934 464 3949 ..
496 3889 553 3960 §7
583 3887 635 3948 τοῦ
669 3882 702 3947 δὲ
737 3885 794 3970 pais
828 3882 885 3955 ἔξω
919 3881 996 3948 κατά
1029 3883 1062 3948 τὸ
1087 3882 1208 3972 συνεχὲς
1231 3883 1284 3970 τὴν
1308 3907 1340 3946 τε

204 3996 339 4064 Μαιῶτιν
363 3990 412 4058 καί
435 3989 484 4056 τὸν
510 3991 622 4056 Πόντον
646 3989 718 4056 εἰσίν
743 3991 833 4056 αἰτίαι
857 3992 959 4072 διτταί,
986 3992 1039 4078 μία
1063 3990 1113 4078 μὲν
1140 3992 1267 4056 αὐτόθεν
1290 3989 1341 4055 καί

202 4113 274 4176 πάσι
297 4105 462 4194 προφανής,
486 4102 556 4165 καθ’
579 4103 625 4186 ἥν,
648 4104 766 4165 πολλῶν
789 4102 1000 4165 εἰσπιπτόντων
1025 4098 1178 4187 ῥευμάτων
1201 4101 1242 4173 είς
1258 4124 1344 4187 περι-

202 4216 322 4308 γραφὴν
358 4213 487 4300 ἀγγείων
519 4210 712 4299 ὡρισμένων,
745 4211 846 4275 πλεῖον
881 4209 926 4275 άεί
953 4209 1011 4298 Ικαί
1038 4211 1140 4274 πλεῖον
1167 4210 1278 4294 γίνεται
1310 4209 1343 4274 τὸ

205 4327 302 4416 ίιγρόν.
347 4331 403 4402 §8
435 4324 451 4387 ὃ
486 4323 634 4408 μηδεμιᾶς
665 4317 716 4404 μὲν
750 4318 943 4405 ὑπαρχούσης
976 4317 1125 4404 ἐκρόσεως
1160 4318 1226 4383 δέον
1250 4319 1284 4385 άν
1308 4319 1343 4405 ἦν

205 4434 441 4528 πρυσαναβαῖνον
466 4428 511 4496 ἀεὶ
537 4428 631 4514 μείζω
654 4425 705 4492 καί
727 4425 820 4489 πλείω
844 4429 895 4490 τοῦ
917 4428 1103 4512 κοιλώματος
1118 4427 1346 4516 περιλαμβάνειν
