3190 4956
791 311 810 371 7

231 488 376 566 conligere
404 509 556 570 possumus
585 508 639 558 nos
667 483 773 547 docent
805 485 969 564 catalogum
996 482 1086 548 multo
1120 493 1188 572 post
1217 457 1377 556 Atacinum

234 593 384 653 conditum
406 613 486 670 esse3
514 601 662 673 praeterea
685 611 761 673 quae
784 591 820 652 de
841 592 961 652 Atacini
982 591 1161 670 Argonautis
1183 592 1378 672 intellegimus

233 705 351 763 minime
373 702 474 762 favent
496 705 629 783 opinioni
643 702 802 761 Varronem
824 700 913 760 fuisse
935 703 985 779 qui
1009 699 1097 760 talem
1119 702 1315 774 narrationem
1335 703 1380 758 in-

232 813 393 871 teriecerit:
416 832 483 870 nam
507 813 651 870 artissime
673 808 825 888 Apollonii
841 810 967 887 vestigia
988 810 1126 888 pressisse
1141 807 1266 868 videtur.
1290 807 1376 882 Prob.

234 920 323 996 Verg.
347 918 400 981 (ie.
425 920 457 978 ΙΙ
482 922 542 978 126
572 922 663 978 Varro
690 925 738 993 put
761 927 894 993 quattuor
915 921 997 977 libros
1019 921 1052 976 de
1074 921 1249 1002 Arpanautis
1280 919 1375 979 edidit.

234 1026 356 1102 Qrdntil.
377 1029 410 1087 X
436 1031 504 1103 1,87
519 1031 657 1088 Atacinus
674 1031 765 1086 Varro
786 1034 818 1086 in
840 1033 876 1086 iis
892 1047 946 1101 per
969 1047 1038 1100 qnae
1053 1047 1152 1085 nomen
1174 1037 1211 1086 art
1234 1031 1378 1094 adsecutus

233 1144 368 1212 interpres
390 1144 479 1211 operis
501 1142 593 1210 aliern,
616 1157 673 1195 nen
694 1140 864 1210 spernendus
886 1139 1010 1209 quidem,
1042 1156 1135 1195 oerum
1158 1140 1196 1194 ad
1218 1139 1377 1214 aupendam

232 1251 392 1320 iuuentem
415 1251 524 1307 dimndi
544 1268 648 1320 parum
671 1251 793 1320 toarptes.
839 1226 1017 1322 Fragmenta
1039 1247 1159 1322 exigua,
1184 1263 1258 1324 quae
1281 1246 1378 1303 omnia

234 1354 272 1413 ad
295 1363 387 1415 certos
403 1355 555 1436 Apollonii
577 1355 657 1414 locos
679 1355 780 1414 referri
803 1362 932 1434 possunt,
954 1353 1029 1412 nihil
1052 1353 1089 1413 de
1111 1373 1146 1413 ea
1166 1372 1198 1413 re
1213 1355 1376 1429 continent3

232 1463 311 1546 quod
333 1484 415 1524 secus
437 1473 512 1524 esset
533 1467 565 1523 in
587 1464 689 1523 Valeri
711 1463 882 1542 fragmentis
905 1484 975 1522 casu
997 1465 1126 1523 servatis.

319 1574 441 1636 Silentia
471 1594 530 1633 non
563 1572 807 1653 praetereundum
840 1593 903 1633 esse
917 1579 920 1582 ’
936 1575 1038 1651 putavi
1072 1573 1235 1650 catalogum
1266 1572 1377 1658 Valerii

232 1683 382 1764 exemplar
402 1683 491 1743 fuisse
513 1683 678 1763 Apollinari
701 1681 824 1743 Sidonia
836 1679 859 1762 1)
885 1687 916 1742 in
939 1685 1066 1743 carmine
1079 1681 1114 1741 V.
1159 1681 1279 1744 Sidonio
1303 1702 1377 1762 opus

233 1798 277 1850 est
294 1789 434 1867 'catalogo
456 1789 562 1848 multas
583 1797 686 1866 gentes
709 1792 888 1862 continente,
921 1797 955 1847 ut
975 1789 1132 1847 Maioriani
1155 1790 1296 1868 principis
1325 1788 1375 1847 ad-

232 1918 334 1958 versus
355 1896 507 1984 Vendalos
530 1905 688 1978 apparatus
708 1897 845 1956 laudibus
868 1895 964 1974 dignis
986 1897 1122 1972 extollat3
1145 1896 1250 1955 incidit
1271 1900 1301 1956 in
1317 1897 1377 1966 Va·-

232 2008 336 2068 lerium
359 2028 533 2089 quamquam
555 2010 581 2066 is
603 2011 635 2066 in
658 2007 790 2084 catalogo
820 2026 857 2066 ne
879 2027 967 2064 unam
989 2005 1107 2085 quidem
1128 2013 1244 2082 gentem
1266 1980 1377 2085 profert

231 2120 423 2198 pertinentem
454 2115 491 2174 ad
521 2118 673 2197 imperium
705 2117 867 2175 Maioriani.
919 2115 987 2173 Non
1016 2117 1120 2173 mirum
1154 2121 1197 2174 est
1224 2113 1376 2174 Sidonium

234 2226 368 2303 catalogo
391 2225 436 2283 illi
460 2224 591 2285 obsoleto
618 2233 720 2304 gentes
744 2223 883 2307 quasdam
907 2221 1094 2282 admiscuisse
1117 2241 1192 2304 quae
1223 2221 1262 2281 ed
1283 2221 1376 2290 Maio·

229 2338 305 2394 riani
328 2342 452 2394 aetatem
475 2337 627 2414 pertinent.
922 2337 924 2342 ⁴
1365 2335 1368 2340 ’

315 2441 376 2502 Sid.
396 2445 456 2500 114
480 2447 589 2502 manca
618 2452 777 2516 presserunt
800 2445 960 2518 pranim,
987 2444 1147 2515 Peucenque
1175 2446 1308 2516 ripentem
1332 2463 1372 2491 =

232 2549 297 2608 Val.
321 2550 364 2609 lV
389 2552 450 2609 719
475 2557 526 2608 aut
548 2550 593 2608 VI
620 2552 690 2610 147.
716 2548 793 2608 VlH
817 2551 887 2607 217.

320 2656 379 2715 Sid.
397 2660 458 2718 466
484 2662 582 2732 Lapea
604 2663 687 2732 stirps
712 2684 749 2706 =
774 2649 831 2714 Val
862 2655 906 2714 VI
932 2658 991 2714 188
1015 2660 1113 2731 Lapea
1135 2661 1244 2716 nonalia
1266 2659 1375 2718 ditches.

321 2763 381 2828 Sid.
397 2768 457 2825 471
490 2771 615 2842 ripidum
644 2771 822 2840 septemplicis
853 2769 947 2824 Histri
969 2785 1069 2838 apmen
1082 2762 1130 2816 '=
1146 2764 1221 2830 ‚Vel
1244 2763 1290 2824 IV
1313 2766 1375 2825 718

232 2897 300 2934 num
322 2881 524 2950 septemgemini
546 2893 689 2934 memorem
712 2897 782 2950 quas
803 2879 893 2933 caitus
916 2869 1017 2933 Histri.
1334 2868 1352 2928 J

317 2983 377 3045 sis.
406 2987 470 3044 472
500 3007 567 3043 aare
600 2988 738 3060 uisque
768 2987 920 3059 aequans
952 2989 1012 3042 aaa
1034 2987 1147 3042 curru
1169 2969 1293 3042 artua
1314 2975 1375 3042 'ut

234 3098 375 3156 Parrhase
392 3101 521 3170 pertenit
549 3115 618 3156 ursa
642 3122 682 3145 =
706 3091 771 3152 Val.
797 3091 840 3152 VI
864 3094 903 3156 39
928 3097 1001 3168 quod
1022 3099 1146 3170 pruinas
1168 3102 1269 3167 araas,
1299 3113 1376 3180 map-

230 3225 350 3280 numque
372 3209 445 3280 quod
467 3209 579 3279 impleat
601 3224 728 3280 aupuem.
1340 3197 1344 3201 ’
1368 3192 1377 3200 '¹

236 3297 240 3302 Ι
317 3311 377 3373 sid.
408 3316 469 3372 424
495 3333 531 3372 ss.
563 3317 709 3375 Bastarna
739 3311 852 3372 Suebae
884 3311 1064 3383 Pannonius,
1094 3313 1216 3384 Nemus,
1244 3301 1376 3384 Chunus,

229 3425 307 3495 Geta,
331 3423 439 3497 Dacus,
463 3427 594 3482 Hnanus
616 3427 781 3496 Bulsinius,
813 3421 923 3499 Rugus,
946 3417 1126 3497 Burgundio,
1151 3419 1253 3493 Vesus,
1276 3418 1372 3478 Alites

230 3536 408 3605 Bisalta,
442 3535 636 3606 Ostropottus,
670 3535 844 3602 Romnum,
875 3532 1069 3600 Sarmata,
1101 3533 1229 3588 Moscius
1252 3547 1289 3587 ex
1311 3536 1373 3592 toto

226 3637 338 3698 Valerii
361 3639 495 3716 catalogo
520 3639 632 3700 collecti
657 3646 731 3698 sunt.
777 3637 879 3698 Altero
902 3637 975 3710 loco,
1000 3636 1060 3696 VII
1076 3639 1134 3697 321
1148 3657 1196 3713 ss,
1220 3637 1370 3700 Valerium

229 3745 356 3808 breviter
377 3751 509 3810 imitatus
532 3756 594 3808 est:

536 3853 692 3931 pupnacem
714 3860 828 3931 Rapum
850 3860 995 3914 comitante
1019 3858 1161 3914 Gelono

356 3967 466 4040 Gepida
496 3977 562 4026 trun
582 3971 723 4040 sequium
747 3968 857 4025 Scirum
879 3968 1050 4038 Burpunatio
1073 3971 1158 4040 copit5

362 4075 483 4147 Ouiana,
508 4079 745 4148 Bellonotus,
769 4077 927 4144 Neurus,
951 4078 1169 4147 Bastarna,
1204 4078 1368 4150 liwrinpus.

227 4180 328 4260 Priore
364 4181 428 4240 loco
461 4182 596 4242 Valerius
625 4181 745 4242 Sidonio
784 4183 901 4240 nomina
939 4199 1014 4260 quae
1047 4189 1113 4239 sunt
1145 4185 1276 4256 Lapsae,
1314 4202 1371 4255 sep·

302 4400 327 4469 1)
347 4400 416 4454 Eam
436 4416 493 4455 rem
519 4415 607 4469 neque
626 4399 729 4455 Severo
755 4400 976 4472 adnotatusque
1002 4401 1049 4470 qui
1072 4399 1186 4456 editioni
1206 4400 1372 4470 Luetjohan·

229 4493 327 4550 nianae
346 4492 441 4548 Sidoni
463 4499 606 4549 auctorum
624 4493 766 4549 elenchum
785 4495 901 4552 subiecit
918 4493 1066 4552 Geislsrus.
