3190 4956
158 464 266 530 rentur,
292 457 400 536 quippe
422 455 473 534 qui
495 458 664 515 remotiores
686 459 753 518 sint.
799 452 883 528 Quae
905 430 1003 515 tamen
1026 455 1125 514 omnia
1146 460 1224 513 stare
1245 472 1306 512 non

159 569 289 643 possunt,
317 580 412 640 neque
434 580 595 620 commoror
615 561 662 620 hie
685 563 858 622 coniecturis
880 559 1048 620 tractandis.
1094 560 1171 620 satis
1202 558 1239 618 de
1269 576 1305 618 ea

159 689 190 732 ro
218 671 329 732 dixis.
352 691 401 732 vv.
425 675 541 744 Daraps
559 675 703 746 'Dauoque
726 675 846 732 Emoda.
891 669 959 729 Non
991 671 1086 748 ignoti
1117 675 1201 728 erant
1222 665 1305 728 Gen·

160 778 277 860 gariolas
306 781 414 860 poetis:
449 779 531 842 v'elut
552 779 690 840 Lucanus
712 779 763 839 III
787 782 849 840 230
872 797 922 839 eos
944 781 976 838 in
998 777 1132 856 catalogo
1163 778 1306 836 sociorum

159 889 282 969 Pompei
314 896 470 949 enumerat.
517 887 640 948 Silentio
674 885 917 968 praetereundum
949 907 1009 946 uon
1041 894 1086 946 est
1118 883 1306 963 Gangaridae

160 997 240 1078 apud
262 997 425 1076 Vergilium
449 996 538 1058 semel
559 999 689 1078 reperiri,
712 996 767 1060 Ge.
790 997 840 1057 III
864 999 913 1072 27,
943 1005 972 1056 et
995 995 1097 1056 eodem
1118 995 1183 1056 loco
1206 1015 1307 1055 versus

160 1106 321 1187 eademque
342 1107 435 1166 forma
457 1114 545 1186 atque
568 1105 647 1186 apud
669 1104 839 1169 Valerium:
870 1105 947 1164 hanc
975 1105 1099 1166 formum
1121 1086 1241 1165 Servius
1263 1106 1307 1162 ita

161 1216 306 1296 explieat:
329 1220 529 1292 euocandum
550 1237 610 1278 οωο
627 1237 683 1290 pro
705 1219 938 1292 Gaopart'doruor
955 1221 1052 1291 poenit
1073 1221 1142 1291 quia
1163 1219 1207 1274 hic
1228 1217 1307 1273 ῶσα·

161 1331 264 1404 pauida
286 1331 363 1400 facit.

246 1439 330 1496 Gelae
352 1435 409 1515 (VI
433 1435 514 1516 208).
560 1433 651 1496 Gelae
673 1435 797 1516 Scythes
819 1453 924 1494 nomen
947 1441 1025 1494 certe
1055 1453 1114 1493 non
1145 1435 1258 1513 accepit
1289 1453 1307 1492 a

160 1545 254 1604 rivulo
280 1545 401 1606 Siciliae
422 1549 474 1626 qui
496 1554 541 1605 eet
563 1541 656 1614 Γέλας
679 1545 717 1604 ad
739 1563 826 1625 quem
847 1544 917 1604 urbs
940 1541 1016 1604 Gela
1044 1545 1101 1602 situ
1131 1551 1200 1602 erat.
1244 1542 1307 1602 No-

161 1673 225 1714 men
247 1653 352 1714 fictum
374 1662 418 1713 eet
440 1673 458 1712 a
480 1653 587 1734 populo
603 1652 752 1727 Gelarum,
775 1655 826 1732 qui
841 1651 1023 1712 Albanorum
1045 1651 1163 1712 finitimi
1184 1651 1308 1730 Pompei

161 1761 350 1841 expeditione
371 1765 568 1824 innotuerunt
614 1762 692 1822 Plut.
717 1762 820 1841 Pomp.
839 1763 878 1822 35
895 1757 1034 1842 νέμονται
1058 1755 1091 1822 δὲ
1113 1757 1156 1841 (οἱ
1172 1753 1310 1841 Ἀριάζο-

160 1871 218 1951 νες)
241 1877 295 1933 τοῦ
318 1865 480 1942 Καυκάσου
503 1865 540 1932 τά
568 1868 742 1952 καθήκοντα
775 1867 847 1954 πρὸς
878 1866 930 1952 τὴν
960 1861 1119 1952 Ὑρκανίαν
1152 1864 1308 1931 θάλασσαν

161 1977 217 2064 οὐχ
240 1980 404 2064 ὁμοροῦσαι
427 1980 486 2051 τοῖς
503 1977 676 2065 Ἀλβανοῖς·
712 1975 789 2042 ἀλλά
811 1977 901 2042 Γέλαι
923 1974 973 2040 καί
997 1975 1100 2062 Λῆγες
1123 1975 1239 2040 οἰκοῦσι
1260 1973 1310 2040 διά

166 2085 266 2171 μέσου.
314 2090 349 2152 cf.
373 2091 507 2172 Theoph.
538 2090 612 2170 Myt.
644 2090 679 2149 fr.
705 2093 722 2150 3
756 2089 835 2171 apud
870 2088 1004 2150 Strabon.
1036 2109 1064 2168 p.
1089 2089 1160 2162 503,
1192 2088 1309 2148 Raven-

164 2207 261 2258 natem
285 2199 319 2258 11
343 2203 372 2276 9,
395 2200 465 2260 Zon.
489 2199 522 2258 X
545 2202 574 2258 4.
619 2197 752 2258 Strabon.
785 2220 813 2279 p.
838 2200 908 2258 508.
942 2198 1013 2256 510.
1057 2195 1309 2270 Pt01.V12,5.

162 2307 254 2370 Gelae
276 2312 369 2387 igitur
390 2309 506 2368 finitimi
521 2308 704 2368 Amazonum
727 2307 825 2368 erant:
848 2307 918 2368 inde
939 2307 1070 2367 firmatur
1085 2309 1230 2367 sententia
1244 2324 1309 2365 mea

162 2421 248 2480 etiam
271 2417 438 2480 Amazones
461 2439 498 2480 ex
520 2427 638 2479 auctore
660 2418 857 2498 geographico
882 2437 952 2478 esee.

249 2533 388 2589 Heniochi
418 2528 475 2608 (VI
498 2526 563 2610 43).
608 2527 755 2587 Heniochi
786 2529 948 2607 antiquitus
987 2529 1156 2606 saepissime
1186 2543 1309 2584 comme·

161 2645 311 2697 morantur
343 2643 463 2716 propter
495 2635 656 2711 feritatem
693 2638 794 2715 itaque
825 2643 922 2694 truces
951 2635 1070 2695 Valerio
1100 2655 1161 2695 non
1185 2639 1308 2716 poetico

162 2766 241 2808 more
263 2755 298 2806 ut
320 2765 392 2825 gena
420 2744 547 2805 barbara
577 2752 739 2818 vocantur,
777 2742 829 2804 eed
858 2763 896 2803 ex
929 2751 1052 2802 auctore
1075 2744 1226 2822 epitheton
1260 2742 1310 2803 de-

162 2866 309 2937 sumptum
330 2865 382 2916 est.
417 2854 465 2916 De
488 2858 646 2936 asperitate
661 2853 882 2914 Heniochorum
896 2853 989 2914 multa
1003 2852 1178 2913 ferebantur.
1216 2851 1307 2912 Arist.

161 2966 222 3027 Pol.
245 2967 327 3027 VIII
351 2967 402 3042 3,4
431 2959 527 3026 πολλά
551 2959 584 3025 δὲ
606 2959 669 3025 ἐστί
692 2965 750 3026 τῶν
775 2963 871 3026 ἐθνῶν
895 2961 915 3024 ἃ
938 2957 1010 3046 πρός
1033 2957 1065 3022 τό
1097 2957 1221 3023 κτείνειν
1253 2956 1305 3021 καὶ

162 3072 231 3159 πρὸς
261 3071 315 3158 τὴν
345 3071 600 3158 ἀνθρωποφαγίαν
631 3070 764 3158 εὐχερῶς
796 3069 869 3156 ἔχει,
904 3068 1042 3154 καθάπερ
1073 3070 1132 3133 τῶν
1165 3065 1236 3153 περί,
1254 3066 1317 3135 τὸνῖ

165 3180 286 3247 Πόντιον
316 3178 435 3267 Ἀχαιοί
461 3205 494 3246 τε
527 3177 577 3243 καὶ
601 3173 752 3265 Ἡνίοχοι.
798 3179 884 3241 Ovid.
915 3199 952 3241 ex
981 3181 1014 3240 P.
1037 3180 1083 3241 IV
1108 3183 1156 3254 10,
1180 3175 1219 3242 26
1251 3183 1313 3239 Ha„

166 3300 279 3356 otochae
312 3301 409 3354 acatia
439 3298 505 3369 phoa
536 3312 652 3352 αοοιιανο
684 3301 765 3351 τοίω.
816 3289 933 3350 Heracl.
971 3289 1008 3350 de
1043 3289 1130 3349 rebus
1157 3287 1238 3368 publ.
1271 3292 1309 3348 18

171 3401 266 3466 Φᾶσιν
291 3399 323 3465 τό
348 3402 377 3473 ἐξ
395 3401 491 3486 ἀρχῆς
510 3397 651 3485 Ἡνίοχοι
672 3389 836 3484 κατῴκουν,
868 3399 960 3482 φῦλον
984 3393 1225 3481 ἀνθρωποφάγου
1258 3392 1309 3457 καί

167 3511 298 3597 ἐκόεῖρον
321 3509 389 3584 τοὺς
412 3511 601 3596 ἀνθρώπους.
645 3509 732 3570 Diod.
756 3510 821 3568 XX
844 3511 882 3569 25
908 3504 981 3592 ὑπὲρ
1006 3503 1039 3568 δὲ
1068 3513 1126 3568 τῶν
1157 3503 1307 3568 πλεόντων

166 3616 213 3682 τὸν
240 3618 352 3684 Πόντον
375 3619 503 3703 πόλεμον
527 3617 680 3702 ἐξενέγκας
703 3613 775 3701 πρὸς
798 3613 866 3686 τοὺς
889 3613 1041 3700 λῃστεόειν
1065 3612 1212 3684 εἰωθότας
1237 3615 1312 3700 βαρ-Ι

169 3727 275 3814 βάρους
294 3723 458 3816 Ἡνιόχους
488 3725 539 3791 καί
560 3723 704 3811 Ταύρους,
738 3723 781 3788 ἔτι
812 3715 993 3810 δ’Ἀχαιοός,
1025 3719 1161 3808 καθαράν
1192 3723 1311 3808 λῃστῶν

170 3837 303 3910 ἀπέδειξε
325 3837 378 3923 τὴν
403 3836 562 3900 θάλατταν.
609 3839 715 3898 Avien.
736 3839 796 3896 871
821 3843 902 3897 tauta
923 3857 989 3912 ρααε
1013 3855 1111 3909 cepero
1134 3839 1209 3910 doytt
1224 3833 1312 3918 ”Ho-

167 3956 263 4013 moda.
310 3949 415 4011 Strabo
444 3972 472 4030 p.
497 3951 558 4009 339
593 3955 694 4007 narrat
716 3947 862 4005 Romanos
893 3947 972 4003 omni
1000 3944 1079 4002 litori
1101 3944 1189 4002 Ponti
1221 3945 1311 4023 impe-

168 4079 231 4120 rare
253 4057 279 4120 ελ
304 4058 344 4142 μή
367 4080 409 4128 τις
432 4053 550 4120 celuim
574 4053 706 4140 Ἀχαιῶν
729 4049 780 4116 καί
803 4050 907 4134 Ζυγῶν
931 4047 980 4114 καί
1004 4048 1155 4136 Ἡνιόχων
1180 4049 1210 4114 ἐν
1227 4049 1309 4134 λόγῳ

172 4163 292 4244 τίθεται,
317 4168 484 4253 λῃστρικῶς
506 4162 558 4227 καί
579 4165 748 4247 νομαδικῶς
774 4162 893 4233 ζώντων
916 4159 946 4224 ἐν
971 4160 1082 4230 στενοῖς
1105 4155 1154 4222 καὶ
1185 4159 1308 4242 λυπροῖς

168 4275 295 4360 χωρίοις.
340 4277 487 4338 Heniochi
509 4276 593 4336 sedes
623 4295 782 4355 numquam
811 4281 997 4333 mutaverunt
1027 4290 1122 4351 neque
1155 4271 1310 4349 ambigunt

171 4388 322 4467 scriptores
345 4385 382 4446 de
405 4405 439 4446 ea
467 4405 516 4445 re:
548 4405 566 4443 a
588 4383 707 4444 sedibus
730 4401 829 4443 eorum
850 4379 1023 4442 tantundem
1045 4379 1105 4440 fere
1125 4381 1193 4438 viae
1215 4386 1260 4439 eet
1283 4385 1313 4438 et

172 4493 209 4556 ad
230 4495 393 4579 Bosporum
416 4493 604 4557 Cimmerium
624 4500 654 4554 et
676 4491 723 4553 ad*
737 4489 903 4554 Phasidem.
932 4488 1068 4571 Optime
1090 4505 1155 4548 cum
1176 4485 1223 4547 hie
1245 4506 1313 4548 con·
