3190 4956
788 257 827 318 56

232 445 345 505 Bienen
367 439 466 500 finden
488 441 542 497 wir
563 439 595 496 in
616 435 766 495 mehreren
780 429 940 510 Gegenden
964 430 1102 503 erwahnt,
1125 426 1185 487 und
1200 428 1302 508 Honig
1316 426 1377 487 und

236 551 349 614 Wachs
371 569 470 610 waren
491 543 729 605 Ausluhrartikel
751 545 781 600 in
806 539 960 621 Skythien.

678 827 962 838 -....-.-----

686 1171 732 1240 Π.
774 1169 935 1258 Europa

495 1345 556 1382 cum
575 1328 663 1382 Tanai
681 1325 820 1382 Maeotide
840 1326 926 1380 Ponto
946 1322 1123 1392 Propontide.

238 1523 259 1540 ''
325 1529 418 1583 Aceste
440 1521 497 1600 (VI
522 1519 584 1602 69).
630 1521 787 1581 Acesinem
808 1481 928 1580 fluvium
951 1522 1027 1578 circa
1046 1517 1223 1578 Maeotidem
1246 1539 1309 1580 esse
1332 1541 1382 1602 ap-

239 1641 322 1713 paret
351 1651 387 1691 ex
416 1629 581 1690 nominibus
610 1630 879 1690 circumiacentibus
907 1628 1002 1689 Gerus
1031 1629 1112 1708 Byce
1143 1629 1276 1708 Hylaea,
1308 1651 1384 1710 quae

241 1743 338 1799 omnia
363 1739 492 1800 eiusdem
514 1742 643 1816 regionis
664 1747 739 1815 sunt,
769 1739 880 1798 scilicet
903 1741 979 1796 circa
1001 1737 1144 1796 Isthmum
1169 1741 1217 1816 qni
1241 1737 1384 1799 Cherson-

240 1868 341 1908 nesum
357 1849 515 1907 Tauricam
539 1869 605 1907 curn
628 1851 793 1908 continente
816 1849 972 1924 coniungit.
1018 1845 1110 1904 Aliud
1133 1866 1248 1925 qnoque
1271 1847 1308 1907 de
1326 1851 1384 1908 situ

240 1975 277 2016 ex
292 1940 423 2015 'Valerio
459 1956 615 2034 colligitur.
667 1956 825 2033 Langenus
861 1975 947 2014 versu
968 1954 1013 2013 VI
1044 1956 1083 2012 73
1117 1957 1284 2014 testimonio
1316 1978 1385 2016 usus

242 2063 403 2124 Acesinum
432 2037 553 2124 liuvium
577 2063 770 2126 Chersonnesi
794 2063 938 2122 Tauricae
969 2081 1032 2121 esse
1063 2061 1151 2121 dicit:
1183 2081 1237 2140 ego
1270 2084 1385 2144 quoque

242 2176 284 2232 ita
307 2172 516 2246 concluderem,
548 2175 605 2230 nisi
635 2181 710 2232 esset
732 2172 825 2231 Plinii
854 2171 945 2246 locus,
978 2171 1024 2230 IV
1048 2173 1087 2230 83
1119 2177 1196 2231 altra
1220 2178 1386 2248 Panticapes

211 2270 213 2274 ⁵
244 2287 334 2341 ononis
364 2287 413 2354 qui
438 2284 581 2340 Nomadas
610 2291 635 2340 et
666 2284 785 2355 Georpos
823 2283 1008 2352 disterminat,
1043 2300 1105 2338 moa
1126 2285 1260 2340 Acesinus
1314 2280 1388 2340 Con·

243 2405 336 2444 nexus
358 2403 454 2444 rerum
484 2384 526 2443 ibi
558 2384 711 2445 manifeste
739 2383 850 2442 indicat
873 2382 1031 2442 Acesinum
1059 2383 1180 2443 fluvium
1204 2389 1387 2462 continentis,

243 2513 301 2552 non
325 2491 520 2552 Chersonnesi
556 2493 632 2551 infra
664 2492 827 2572 descriptae
858 2511 928 2552 esse.
974 2493 1022 2551 Ex
1044 2493 1141 2551 Plinio
1171 2515 1312 2572 apparere
1345 2499 1388 2554 vi-

244 2599 329 2660 detur
351 2601 509 2684 Acesinum
531 2603 562 2658 in
581 2600 794 2680 Borysthenem
817 2601 946 2675 influere,
970 2603 1107 2680 quoniam
1121 2601 1299 2682 Panticapes
1317 2625 1388 2684 quo-

244 2711 354 2788 quein
378 2709 588 2788 Borysthenem
612 2728 643 2769 se
665 2712 787 2790 proicit3
823 2709 947 2768 fortasse
978 2711 1003 2767 is
1032 2709 1140 2768 fluvius
1163 2719 1207 2770 est
1230 2714 1278 2791 qui
1301 2713 1389 2774 hodie

244 2815 401 2894 Kouskaja
434 2815 615 2896 appellatur,
654 2819 763 2896 quique
795 2815 833 2874 ad
855 2816 946 2874 Plinii
978 2826 1007 2876 et
1029 2816 1140 2876 Valerii
1163 2817 1388 2898 descriptionem

246 2929 354 3006 optime
385 2925 517 3005 quadrat.
564 2925 672 2986 Videas
703 2929 734 2984 in
765 2925 821 2984 hoc
846 2925 936 2984 fluvio
970 2924 1123 2984 tractando
1154 2935 1293 3006 quantum
1328 2929 1389 2989 fors

246 3033 364 3092 valeat:
387 3035 411 3090 si
435 3041 549 3112 praeter
564 3033 713 3093 Valerium
736 3033 810 3092 nihil
833 3032 869 3093 de
891 3033 1017 3093 Acesino
1041 3032 1181 3093 traditum
1204 3045 1278 3096 esset
1301 3037 1389 3097 valde

248 3139 440 3220 gauderemus
473 3141 549 3222 quod
583 3162 620 3203 ex
642 3141 791 3223 Stephano
813 3143 958 3222 Byzantio
988 3141 1112 3223 probare
1143 3164 1293 3223 possemus
1314 3147 1390 3206 Ace-

249 3253 342 3309 sinem
366 3247 436 3330 (non
458 3249 617 3310 Acesinum
626 3251 644 3330 ἔ)
666 3251 746 3332 apud
767 3251 922 3310 nonnullos
944 3254 1100 3331 scriptores
1123 3252 1247 3313 eundem
1269 3255 1391 3316 fluvium

251 3378 314 3420 esse
343 3379 377 3417 ac
407 3359 529 3418 Tanain.
553 3360 594 3420 st.
618 3361 652 3418 B.
676 3354 784 3429 Τάναις
817 3407 823 3420 .
849 3407 853 3418 .
881 3407 886 3419 .
913 3407 919 3419 .
951 3355 1025 3429 τινὲς
1060 3355 1092 3420 δὲ
1115 3356 1236 3424 καὶτὸν
1259 3362 1391 3448 ποταμὸν

252 3461 400 3548 Ἀκεσίνην
424 3462 498 3528 εἶναι
520 3464 572 3529 καὶ
594 3459 755 3551 Ἰαξάρτην,
779 3465 954 3550 ἑλληνῖσθαι
979 3463 1011 3528 δὲ
1044 3463 1080 3530 τά
1107 3466 1203 3531 πολλά
1225 3473 1284 3534 τῶν
1318 3473 1393 3558 βαρ-

252 3575 380 3658 βαρικῶν
415 3573 582 3656 ὀνομάτων,
620 3577 660 3646 ὡς
692 3572 832 3659 Νικάνωρ
868 3574 952 3660 φησί.
997 3579 1088 3638 Error
1118 3580 1281 3641 firmaretur
1312 3583 1392 3663 quod

251 3684 378 3757 Tanais,
411 3704 494 3764 quem
522 3687 553 3742 in
576 3685 710 3764 catalogo
735 3685 940 3760 desideramus,
970 3687 1021 3746 illo
1044 3688 1108 3748 loco
1132 3711 1191 3748 non
1213 3695 1256 3755 ita
1278 3695 1394 3772 ineptus

251 3799 332 3851 esset.
379 3790 458 3867 Quid
481 3800 566 3870 putas
588 3814 641 3853 nos
664 3794 772 3854 talibus
794 3794 911 3854 indiciis
933 3817 1001 3856 usos
1024 3796 1060 3857 de
1087 3802 1236 3879 scriptoris
1266 3805 1392 3861 auctori-

252 3908 313 3961 tate
347 3900 517 3960 collecturos
547 3901 658 3962 fuisse?
703 3903 749 3963 De
778 3903 899 3963 fatidica
927 3924 1012 3964 cerva
1033 3914 1111 3966 recte
1133 3906 1294 3988 disputavit
1317 3911 1394 3971 Lan-

250 4027 343 4084 genus
366 4005 403 4064 ad
429 4007 472 4066 VI
497 4011 543 4067 70.
589 4009 659 4070 Sine
682 4010 771 4071 dubio
794 4020 882 4091 poeta
906 4013 1003 4071 lucum
1018 4013 1133 4074 Dianae
1148 4015 1293 4076 Tauricae
1312 4017 1393 4094 dicit,

252 4118 333 4174 cuius
355 4117 395 4174 rei
421 4115 569 4194 epitheton
592 4118 707 4178 Dianae
731 4121 826 4180 ‘saevo’
849 4123 931 4179 testis
954 4129 1012 4195 est3
1047 4129 1143 4182 tamen
1173 4124 1243 4185 inde
1269 4147 1327 4186 non
1352 4148 1395 4188 se·

253 4225 354 4302 quitur
375 4223 503 4282 Acesina
527 4227 645 4301 agmina
668 4225 867 4287 Chersonneso
891 4227 1035 4286 Tauricae
1058 4227 1248 4290 adscribenda
1272 4252 1342 4293 esse.

340 4335 482 4392 Anthinae
504 4331 560 4410 (VI
577 4333 637 4410 85).
682 4335 729 4392 De
744 4333 878 4394 Ambeno
901 4343 998 4393 monte
1020 4355 1106 4394 unum
1123 4339 1272 4399 Valerium
1293 4351 1396 4403 testem

252 4437 399 4498 habemus.
445 4437 494 4496 Ex
525 4436 626 4498 ordine
657 4441 806 4497 nominum
836 4440 918 4520 Tyra
940 4439 1090 4500 Ambenus
1113 4443 1246 4524 Ophiusa
1276 4457 1397 4529 apparet
