3190 4956
812 207 852 267 ee

245 389 347 450 aaa
390 381 466 447 Plio,
490 383 534 446 lv
558 387 596 446 41
625 387 755 446 Celaletae
784 382 852 462 (leg.
878 381 1036 460 Coelaletae)
1058 387 1176 440 maimo
1198 382 1317 452 Haemo,
1340 381 1393 435 mi·

244 515 325 556 nores
355 499 503 570 Illeodapae
542 498 656 556 mbda'tt
708 492 752 554 Oi
783 492 852 552 Van
883 490 941 550 den
970 489 1094 569 Gheyn,
1126 489 1170 548 les
1205 488 1393 569 populations

247 603 458 666 Danubiennes
480 623 507 684 p.
532 605 580 664 60.
626 601 777 662 Pt01.111
801 605 850 675 11,
874 604 891 659 6
916 594 1097 680 Στρατηγίαι
1121 593 1155 657 δὲ
1186 592 1259 658 εἰσὶν
1291 593 1322 657 ἐν
1356 600 1393 678 τῇ

248 707 379 796 ἐπαρχία
403 705 475 796 πρὸς
503 705 554 794 μὲν
577 711 641 780 ταῖς
668 705 797 778 Μοσίαις
820 702 869 769 καὶ
893 702 961 790 περὶ
983 702 1033 767 τὸν
1056 701 1152 788 Αἶμον
1174 701 1208 766 τὸ
1239 701 1307 787 ὄρος
1338 692 1394 786 ἆρ-

248 815 387 904 χομέναις
412 815 470 882 eat
495 818 615 902 δυσμῶν
640 813 866 899 Δανθηλητική,
890 813 1034 897 Σαρδική,
1068 807 1284 896 Oenomai,
1316 810 1395 874 Σελ-

250 925 368 1011 λητική,
406 923 478 1012 πρὸς
511 921 544 988 δὲ
575 932 613 1010 τῇ
636 921 811 1008 Μακεδονίᾳ
839 920 889 984 καὶ
920 924 962 1008 τῷ
984 919 1101 1006 Αἰγαίῳ
1134 923 1259 1001 πελάγει
1283 920 1395 1005 ὁμοίως

249 1032 423 1118 στρατηγίαι
462 1031 606 1116 Μαιδική,
645 1031 784 1116 Δροοική,
816 1027 992 1114 Κοιλητικὴ,
1031 1028 1178 1112 Σαπαϊκή,
1214 1025 1391 1115 Κορπιλική,

252 1136 390 1224 Καινική.
443 1143 537 1206 Situm
569 1143 655 1202 huius
684 1144 780 1220 gentis
810 1149 888 1200 reete
922 1139 1056 1221 depinxit
1085 1140 1218 1220 Kiepert.
1250 1141 1299 1199 etl.
1336 1149 1395 1200 ant.

252 1249 328 1314 Tul).
351 1251 379 1310 V
405 1246 430 1312 B
463 1250 501 1330 fg.
557 1247 640 1323 Quae
673 1248 710 1309 de
742 1248 900 1308 Coelaletis
932 1257 1033 1306 narrat
1065 1247 1203 1306 Valerius
1239 1247 1398 1307 admodum

250 1361 350 1418 variae
373 1360 494 1436 originis
516 1365 599 1432 sunt,
630 1376 724 1437 neque
747 1355 784 1415 de
807 1364 925 1416 anctore
947 1355 1143 1434 geographico
1167 1358 1267 1434 quaeri
1291 1364 1396 1434 potest.

252 1463 416 1527 Coelaletae
449 1467 577 1548 plaustra
608 1466 741 1526 habitare
774 1485 811 1525 ex
834 1465 1009 1545 Scytharum
1040 1464 1287 1544 descriptionibus
1317 1463 1398 1544 apud

251 1583 352 1656 poetae
374 1578 497 1656 repertis
519 1577 591 1635 eatis
613 1578 712 1655 inepte
736 1575 887 1634 transtulit
900 1571 940 1654 1);
963 1596 1031 1633 narn
1056 1593 1129 1654 quae
1152 1583 1221 1654 apta
1243 1581 1311 1632 sunt
1326 1573 1397 1654 Scy-

252 1682 310 1744 this
341 1687 512 1744 immensam
545 1684 698 1764 planitiem
731 1684 898 1744 tenentibus
927 1704 986 1742 non
1014 1691 1084 1763 apta
1113 1693 1181 1742 sunt
1208 1686 1290 1760 genti
1322 1703 1398 1764 quae

255 1791 326 1853 fines
349 1792 494 1852 montibus
517 1792 638 1854 refertos
661 1801 690 1853 et
712 1793 840 1852 inclusos
862 1793 973 1852 incolit.
1018 1792 1181 1852 Prudenter
1196 1793 1336 1852 Horatius
1360 1791 1398 1850 ad

255 1897 303 1958 111
328 1901 403 1982 942⁹
431 1918 466 1958 es.
512 1898 630 1978 Scythis
651 1898 754 1958 tribuit
776 1898 855 1979 quod
879 1899 1053 1978 Scytharum
1075 1907 1156 1959 erat:

601 2058 762 2123 campestres
783 2055 879 2109 metas
900 2052 1014 2126 Scythae

431 2177 547 2234 aemam
569 2161 696 2232 plaustra
719 2179 802 2233 eneas
823 2165 875 2217 rite
897 2163 1013 2217 trahant
1034 2161 1134 2232 domes,

263 2315 292 2370 et
315 2303 471 2368 Sallustlue
493 2304 558 2366 hist.
582 2305 630 2364 III
655 2306 694 2364 73
718 2308 832 2382 Scythae
855 2309 994 2365 Nomades
1017 2317 1125 2381 teneat,
1155 2312 1254 2382 quibas
1271 2313 1402 2382 plaustra

255 2419 328 2478 neela
358 2423 431 2476 aaut.
475 2412 583 2474 erum
605 2415 637 2472 in
662 2412 781 2472 modum
809 2420 900 2475 catilla
927 2418 1024 2475 άοκιιιο
1054 2415 1148 2476 simile
1182 2423 1226 2476 est
1247 2415 1305 2475 loci
1327 2415 1399 2476 Aes·

259 2521 364 2608 olrylol,
387 2522 482 2584 From.
508 2524 569 2582 707
593 2543 630 2582 se.

432 2648 550 2722 Σκύλλας
575 2648 694 2736 δ’ἀφίξῃ
717 2649 858 2735 νομάδας,
883 2651 910 2714 οἱ
933 2648 1059 2724 πλεκτὰς
1085 2652 1190 2736 στέγας

432 2757 587 2848 πεδάρσιοι
609 2759 721 2824 ναίουο’
743 2760 789 2823 ἐπ’
812 2759 963 2834 εὐκύκλοις
987 2761 1069 2848 ὄχοις

434 2867 590 2956 ἑκηβόλοις
612 2868 736 2939 τόξοισιν
759 2869 964 2954 ἐξηρτυμένοι·

260 3021 343 3085 llaec
365 3041 411 3084 ree
433 3024 524 3102 igitur
546 3027 706 3105 antiquitus
728 3033 799 3084 nota
821 3033 850 3085 et
872 3025 951 3106 apud
972 3036 1075 3105 poetas
1097 3028 1206 3084 usitata
1229 3033 1280 3086 est.
1325 3025 1403 3086 Item

261 3134 370 3208 eateia,
405 3130 481 3212 quod
510 3132 599 3192 telum
622 3133 759 3192 Valerius
782 3133 939 3194 Coelaletis
970 3134 1088 3210 tribuit,
1122 3155 1180 3193 non
1209 3154 1246 3194 ex
1275 3137 1404 3194 auctoris

262 3238 455 3318 descriptione
476 3249 592 3322 sumpta
614 3249 666 3317 est,
688 3241 739 3302 sed
763 3262 778 3302 e
801 3242 941 3320 Vergilio,
964 3244 1036 3302 Aen.
1060 3243 1123 3302 VII
1147 3245 1164 3301 7
1169 3245 1206 3300 41

435 3394 582 3451 Teutonico
603 3397 663 3452 etta
683 3398 756 3452 soliti
777 3403 903 3468 torquere
925 3398 1034 3453 cotetae.

350 3536 450 3596 Coralli
473 3536 530 3615 (VI
554 3539 614 3617 89).
663 3540 707 3598 De
722 3537 903 3598 Corallorum
926 3537 1042 3597 sedibus
1064 3538 1207 3597 sufficiunt
1233 3557 1308 3617 quae
1325 3537 1405 3596 Lan-

262 3663 354 3723 genus
377 3642 415 3700 ad
437 3643 482 3704 VI
499 3647 538 3705 89
563 3643 701 3726 disputat.
743 3645 832 3705 Addo
847 3645 919 3704 locis
935 3646 972 3704 ab
990 3665 1024 3705 eo
1040 3646 1138 3704 allatis
1153 3646 1217 3705 Liv.
1228 3645 1407 3705 XXXVIII

264 3754 341 3824 40st
372 3758 414 3811 aa
436 3771 497 3813 eam
515 3775 569 3830 per
590 3759 690 3815 saltam
711 3761 778 3829 iret,
815 3759 951 3814 Ilaaeam
980 3759 1068 3814 decem
1090 3759 1167 3814 laced
1189 3759 1307 3828 amplias
1328 3759 1408 3814 milia

265 3881 298 3924 ea
329 3869 461 3936 qaattaer
488 3865 612 3935 papalis,
647 3866 722 3921 Asta
747 3871 771 3919 et
795 3862 880 3920 anae'
902 3869 928 3920 et
950 3865 1119 3920 Maduateni
1143 3871 1168 3920 et
1192 3861 1332 3934 Coreli,
1368 3863 1408 3918 aa

264 3975 340 4044 ipsas
371 3976 516 4044 παραπλακ
546 3975 619 4029 alam
648 3975 885 4030 eleaemsederaat.
931 3970 1108 4029 Reinachius
1138 3971 1171 4027 in
1201 3971 1259 4028 situ
1290 3967 1407 4048 depicto
1478 3971 1479 3974 ’

265 4095 314 4138 eos
345 4080 430 4138 nimie
467 4080 510 4168 in*
532 4075 757 4138 mediterraneas
786 4081 919 4158 regiones
946 4086 1081 4137 removet.
1127 4077 1194 4137 Non
1218 4075 1409 4156 cogitandum

265 4271 550 4287 w

340 4391 366 4464 l)
385 4389 426 4448 De
449 4392 556 4465 Scythis
575 4386 643 4464 ipsis
663 4385 715 4448 hoc
733 4393 830 4451 narret
848 4391 884 4451 VI
902 4389 963 4452 331.
