3190 4956
812 247 864 311 ‘rtss

407 426 410 434 ’
437 446 496 486 mom
516 431 718 502 capremontem
740 447 882 485 memorem
904 447 974 500 omas
996 431 1083 486 mitae
1106 429 1200 486 Histri

267 567 403 627 formavit
425 539 562 629 Valerius
584 567 622 626 ad
646 567 863 628 similitudinem
887 587 989 627 versus
1004 567 1182 644 Vergiliani,
1206 565 1279 626 Aen.
1299 565 1345 625 VI
1368 569 1410 626 80

444 727 470 776 et
491 723 694 792 septempeme'm'
715 721 832 776 turbaret
852 721 964 790 trepida
985 723 1054 776 ostio
1078 720 1145 776 Nili.

265 862 307 922 ad
330 883 391 922 rem
413 866 507 943 ipsam
530 861 744 942 depingenham
768 863 893 940 Vergilii
915 882 1016 922 versus
1038 883 1098 922 non
1121 861 1221 922 valuit.

355 1007 798 1090 oetm(V1512.V11236).
845 1007 965 1068 Gelonis
988 1027 1074 1087 saepe
1104 1017 1208 1087 poetae
1230 1016 1350 1067 utuntur
1379 1015 1414 1066 ut

213 1167 216 1171 .
270 1119 409 1199 populum
433 1139 520 1198 quam
542 1121 764 1177 remotissimum
796 1117 974 1194 significent:
1008 1116 1090 1176 velut
1112 1115 1292 1176 Claudianus
1316 1114 1413 1175 decies

270 1229 312 1286 eis
334 1229 377 1285 ita
398 1230 505 1302 utitur3
536 1235 632 1286 tamen
655 1247 713 1285 non
736 1223 838 1285 dubito
862 1229 932 1305 quin
955 1225 1089 1285 Valerius
1120 1227 1152 1284 in
1174 1227 1216 1284 eis
1238 1244 1412 1306 commem07

271 1333 370 1394 randis
393 1344 539 1394 auctorem
561 1343 677 1395 secutus
700 1337 753 1408 sit,
785 1355 852 1392 nam
874 1337 906 1391 in
928 1332 1002 1392 libro
1035 1342 1117 1394 sexto
1140 1337 1216 1394 inter
1247 1342 1413 1414 pugnantes

269 1463 307 1504 ne
320 1465 408 1503 unam
431 1444 549 1524 quidem
564 1453 679 1523 gentem
700 1446 814 1524 repperi
836 1463 910 1522 quae
932 1464 991 1502 non
1013 1463 1050 1503 ex
1064 1443 1275 1522 chorographia
1296 1451 1413 1522 sumpta

270 1556 326 1613 sit:
355 1557 387 1611 in
415 1554 535 1634 reliquis
568 1554 651 1612 libris
682 1557 796 1633 saepius
828 1556 943 1634 poetice
971 1553 1112 1612 barbaras
1142 1562 1244 1631 gentes
1274 1553 1414 1633 appellat,

265 1665 352 1720 cuius
382 1665 424 1721 rei
447 1665 604 1740 vestigium
626 1665 656 1720 in
687 1670 770 1721 sexto
792 1661 867 1721 libro
900 1681 958 1720 non
980 1665 1129 1742 reperitur.
1172 1661 1279 1722 Geloni
1312 1681 1411 1720 aarum

266 1773 400 1848 gentium
423 1780 490 1829 sunt
512 1791 584 1850 quas
607 1791 706 1830 omnes
728 1773 883 1849 scriptores
914 1791 950 1830 ex
973 1749 1125 1830 Herodoto
1148 1773 1316 1850 petiverunt
1338 1770 1413 1828 nihil

265 1883 337 1938 -novi
369 1879 516 1940 addentes.
561 1881 637 1942 Plin.
660 1881 705 1940 IV
729 1884 769 1940 88
793 1905 811 1940 a
841 1886 961 1954 Termes
984 1901 1038 1954 per
1066 1888 1248 1941 eomtimrrtem
1274 1888 1413 1940 introrsus

221 1981 223 1985 ¹
266 1999 358 2048 terreret
380 1995 519 2049 Auchetae
539 1995 619 2064 opud
642 2011 708 2066 quos
731 1995 862 2066 Hyporeia
883 1996 982 2062 oritur,
1007 1994 1118 2049 Nemee
1140 1995 1218 2064 apmol
1241 1995 1410 2066 quoeBory-

269 2105 382 2171 ethome,
405 2104 510 2174 Gelam,
534 2105 706 2175 Tyseepetae,
731 2105 849 2158 Bottm'.
895 2097 979 2172 Quae
1009 2108 1111 2176 gentes
1134 2119 1232 2158 omues
1261 2099 1411 2158 adunam

265 2223 308 2266 ex
329 2205 481 2265 Herodoto
512 2211 620 2286 petitae
644 2216 718 2266 sunt.
763 2207 836 2266 Plus
866 2227 951 2286 quam
975 2207 1090 2267 Plinius
1112 2207 1221 2267 Valerii
1253 2215 1352 2266 auctor
1374 2207 1412 2267 de

215 2339 217 2343 ·
270 2317 311 2373 eis
333 2335 391 2374 non
413 2318 558 2390 narravit,
588 2335 682 2394 neque
704 2316 839 2375 Valerius
871 2319 1025 2396 quicquam
1058 2319 1177 2374 maioris
1206 2319 1344 2376 momenti
1374 2315 1412 2376 de

267 2405 323 2482 hae
345 2433 432 2502 gente
454 2424 550 2488 refert.

295 2639 296 2643 Ἰ
357 2572 446 2642 Germ
470 2568 528 2648 (VI
542 2567 593 2646 67)
646 2569 762 2649 Reliqui
787 2577 919 2628 auctores
949 2568 1026 2628 hunc
1047 2569 1168 2628 flurium
1192 2567 1337 2628 Gerrhum
1359 2590 1411 2628 vo-

270 2682 349 2748 cant,
371 2696 447 2734 unus
469 2673 605 2735 Valerius
627 2659 748 2736 metrica
777 2669 889 2734 ratione
912 2674 1055 2734 adductus
1078 2675 1180 2734 scribit
1202 2675 1303 2735 Gerus.
1334 2698 1361 2735 v.
1386 2697 1410 2736 s.

267 2781 436 2842 Bastarnae.
488 2785 578 2843 Recte
606 2783 743 2843 Valerius
770 2784 848 2842 hunc
877 2769 1022 2843 Gerrhum
1053 2805 1112 2842 una
1142 2804 1205 2842 cum
1237 2784 1317 2864 Byce
1346 2785 1412 2844 lacu

270 2902 490 2967 commemorat,
524 2896 610 2972 quia,
642 2901 674 2950 ut
704 2893 784 2950 illius
807 2894 872 2950 aevi
906 2893 1065 2971 geographi
1089 2892 1249 2972 putabunt,
1281 2896 1310 2950 in
1333 2892 1412 2955 huno

268 2999 362 3057 lacum
394 3018 425 3057 se
455 3001 567 3077 proicit.
612 2981 687 3074 Plinss
711 2997 756 3056 IV
781 3000 820 3056 84
852 3002 941 3057 Buces
1055 3005 1152 3071 recipit
1183 3020 1276 3057 ammes
1298 3004 1411 3072 Bmoem,

268 3109 415 3179 Gerrhmm,
439 3111 593 3182 Hypanim,
617 3125 651 3164 ea
671 3111 775 3166 diverso
796 3113 930 3166 vementes
951 3117 1050 3166 tracto.
1095 3107 1170 3167 Item
1188 3107 1263 3166 Ptol.
1287 3107 1337 3166 ΙΙΙ
1361 3111 1409 3182 5‚3

271 3211 414 3272 Gerrhum
437 3217 468 3272 in
490 3216 599 3274 Bucam
622 3215 719 3274 lacum
750 3215 916 3274 influentem
939 3215 1017 3274 facit.
1063 3217 1110 3274 De
1133 3215 1245 3275 Gerrho
1268 3216 1356 3275 fluvio
1380 3220 1412 3274 in

271 3319 380 3378 Bucem
403 3319 542 3380 influente
571 3324 682 3401 primus
704 3329 805 3380 auctor
831 3321 915 3380 nobis
938 3321 1052 3379 Plinius
1075 3330 1135 3396 est3
1166 3322 1245 3381 Mela
1267 3323 1362 3380 lacum
1384 3331 1414 3382 et

269 3449 380 3488 amnem
404 3429 511 3490 Bucam
534 3435 630 3504 novit,
663 3429 806 3490 Gerrhum
830 3430 932 3489 eodem
960 3429 1047 3489 modo
1070 3429 1209 3490 describit
1237 3451 1295 3510 quo
1317 3431 1412 3490 Hero·

269 3535 355 3596 dotus
385 3539 430 3597 IV
457 3541 494 3598 19
527 3547 556 3598 et
578 3539 624 3597 IV
648 3542 704 3612 56,
737 3542 788 3618 qui
818 3538 854 3597 de
877 3540 932 3598 hoc
961 3539 1051 3598 fluvio
1083 3541 1193 3619 primus
1227 3549 1328 3599 auctor
1357 3550 1410 3601 est.

268 3645 501 3707 Consentaneum
530 3656 575 3706 est
601 3645 745 3707 Gerrhum
777 3645 920 3706 Herodoti
956 3648 1079 3708 enudem
1109 3669 1170 3708 esse
1201 3657 1289 3729 atque
1319 3649 1411 3708 Plinii

264 3747 444 3836 Valeriiqua
467 3755 623 3836 descriptio
640 3765 736 3816 autem
758 3777 817 3815 non
835 3751 962 3836 omnis1)
986 3755 1086 3817 eadem
1110 3765 1162 3833 est,
1185 3778 1249 3816 curn
1265 3756 1410 3817 Herodoti

339 4047 365 4114 1)
384 4059 450 4112 pars
470 4041 505 4097 ad
524 4043 634 4099 verbum
653 4041 713 4099 fere
731 4044 849 4098 concinit
869 4060 928 4098 cum
947 4043 1087 4099 Herodoto
1107 4050 1135 4100 et
1155 4045 1237 4101 Mela.
1286 4046 1353 4101 Plin.
1374 4047 1412 4102 IV

265 4140 300 4193 84
319 4155 385 4192 ream
408 4135 529 4192 Gerrhus
543 4139 688 4192 Basilidas
707 4145 731 4194 et
744 4139 888 4192 Nomadas
906 4145 1024 4206 separet.
1061 4139 1166 4206 Melal,
1179 4143 1222 4210 l,⁴
1241 4157 1307 4194 mom
1330 4139 1412 4196 Gerr-

264 4229 313 4286 hos
331 4232 402 4285 mter·
416 4231 563 4286 Basilidas
582 4237 606 4286 et
617 4231 761 4286 Nomades
780 4231 916 4285 euoluitur.
945 4230 1045 4285 Herod.
1058 4231 1094 4284 lv
1105 4234 1139 4286 56
1160 4230 1258 4304 Γέῤῥος,
1279 4233 1343 4304 ῥέων
1361 4234 1411 4294 δ’ἐς

266 4325 393 4379 θάλασσαν
414 4324 503 4397 οὐρίζει
521 4326 567 4398 τήν
586 4345 613 4378 τε
637 4333 691 4378 τῶν
711 4321 841 4394 Νομάδων
860 4325 950 4397 χώρην
974 4325 1018 4377 καὶ
1035 4326 1081 4397 τὴν
1100 4333 1153 4379 τῶν
1173 4323 1320 4400 Βασιληίων
1340 4326 1407 4383 Σκυ-

267 4418 344 4475 dtur.
