3190 4956
745 289 784 353 19

192 465 286 526 ditum
308 468 363 542 sit;
386 469 515 526 invenies
537 466 578 526 ibi
607 465 698 526 multa
720 465 832 525 nobilia
854 469 971 524 nomina
986 465 1149 539 Persarum,
1172 473 1204 523 ut
1218 457 1334 524 Achae·

75 573 79 581 ’
196 577 297 648 menis,
327 574 446 653 Zopyri,
470 572 597 648 Orontis,
629 573 774 648 Roxanes,
803 572 970 650 Spithamis,
999 571 1127 646 Arsacis,
1149 561 1341 646 Ariaramnis‚⁷

193 680 277 760 plura
298 683 393 740 minus
415 689 493 740 nota.
539 681 627 739 Falso
651 683 741 758 igitur
756 679 975 739 Miillenhoffius
998 679 1187 760 (Antiquitat.
1205 679 1333 738 German

194 787 311 847 vol.III
335 810 362 868 p.
379 792 438 848 107
458 789 494 867 s.)
515 788 562 847 his
584 788 749 846 nominibus
772 791 936 847 testimonio
954 791 1046 848 utitur
1061 788 1187 868 Scythas
1203 795 1341 865 cognatos

195 896 350 956 Persarum
374 916 443 956 esse.
489 896 611 955 Minime
633 895 798 956 mirandum
821 905 897 957 esset
918 917 1023 958 nomen
1046 895 1149 956 Otacis
1172 898 1203 954 in
1219 894 1341 975 Scythia

193 1005 333 1082 reperiri3
356 1023 426 1062 num
448 999 516 1061 inde
540 1001 674 1086 concludi
696 1011 793 1081 potest
816 1001 966 1062 Valerium
988 1003 1044 1062 hoc
1075 1021 1180 1062 nomen
1210 991 1341 1080 ex'Scy-

194 1109 260 1168 thia
282 1107 419 1188 petisse?

282 1271 391 1330 Parum
423 1280 536 1331 constat
566 1270 603 1332 de
633 1275 748 1332 nomine
781 1271 858 1352 quod
880 1273 998 1350 Syessa
1016 1275 1048 1332 in
1069 1270 1246 1334 editionibus
1268 1269 1341 1350 legi·

196 1399 268 1438 mus.
313 1377 405 1437 Haud
426 1381 525 1458 inepte
546 1380 670 1439 Vossius
692 1379 748 1438 hoc
770 1399 874 1440 nomen
897 1383 940 1439 ita
963 1380 1107 1460 explicat:
1134 1403 1201 1458 „epo
1223 1388 1267 1442 oia
1289 1387 1340 1440 da·

198 1494 279 1548 bitem
311 1493 380 1562 qaia
409 1511 428 1546 a
449 1493 552 1566 Sparata
579 1510 679 1548 acmen
699 1494 769 1548 {aad
791 1493 888 1566 Speras
918 1494 1062 1550 dedaraera’t
1090 1494 1222 1551 Valeriae.
1275 1493 1343 1550 Vada

198 1601 231 1655 de
253 1601 289 1656 a'a's
310 1599 473 1655 Strabonem
494 1603 540 1657 ab.
564 1603 620 1657 XI.
656 1602 729 1658 Pla.
752 1603 798 1658 aa
828 1601 872 1656 VI
893 1618 950 1672 cap.
974 1607 991 1656 4
1014 1604 1163 1674 althaeae&
1209 1597 1264 1658 Oui
1294 1617 1343 1658 ex·

197 1701 349 1782 plicationi
383 1706 509 1782 optimae
545 1702 620 1763 duae
656 1715 702 1762 res
734 1711 907 1783 repugnant.
960 1703 1050 1762 Nullo
1088 1711 1210 1784 excepto
1246 1722 1345 1763 omnes

200 1819 332 1870 auctores
356 1809 474 1886 (Strabo
497 1833 525 1892 p.
550 1815 621 1872 499.
656 1811 745 1871 Diod.
771 1815 820 1888 40,
844 1816 871 1870 4.
906 1812 983 1872 Plin.
1007 1813 1052 1873 VI
1075 1816 1102 1872 4.
1124 1811 1271 1871 XXXIII
1295 1814 1344 1872 52.

199 1918 603 1995 Pt01.Va‚11.2s.12‚2.
640 1919 725 1978 Phot.
750 1919 812 1979 cod.
843 1923 891 1979 64.
939 1919 1101 1981 Menander
1124 1920 1278 1980 Protector
1296 1922 1344 1979 10.

199 2028 358 2088 Ravennae
380 2027 414 2085 II
440 2031 487 2086 12.
522 2029 593 2087 lPE
615 2029 670 2088 No.
695 2030 770 2105 447)
794 2029 887 2089 forma
910 2033 1022 2106 Saum,
1052 2050 1111 2089 non
1134 2032 1237 2089 Sacra
1259 2035 1344 2087 utun·

199 2143 253 2194 tur.
298 2133 414 2196 Deinde
436 2136 490 2196 hoc
513 2156 618 2197 nomen
641 2136 754 2197 duobus
782 2138 856 2197 locis
889 2128 994 2218 quibus
1025 2147 1122 2199 exstat
1150 2157 1208 2198 non
1240 2157 1345 2218 aequa·

199 2243 298 2304 biliter
320 2242 460 2303 traditur:
484 2244 529 2303 VI
546 2246 585 2302 74
601 2249 732 2322 Syrastra,
759 2249 820 2305 703
843 2250 950 2323 &abac
972 2244 1111 2318 traditum
1131 2254 1181 2306 est.
1226 2245 1345 2304 Utrum·

200 2373 255 2433 que
277 2353 346 2412 ferri
369 2363 398 2412 et
420 2352 561 2433 explicari
584 2361 686 2433 potest.
733 2353 765 2414 Si
788 2354 1041 2432 legimusSyrcaes
1055 2353 1155 2414 subest
1177 2356 1240 2412 sinc
1255 2352 1345 2412 dubio

199 2482 305 2522 nomen
336 2461 512 2521 nobilissimi
545 2461 628 2522 ducis
650 2462 826 2522 Parthorum
849 2466 898 2542 qui
920 2471 964 2522 est
987 2463 1112 2523 Surenas
1141 2462 1189 2522 vel
1211 2462 1344 2524 Surenes.

199 2571 236 2630 In
259 2569 408 2630 codicibus
430 2570 516 2630 facile
541 2571 666 2631 Surenas
688 2575 719 2630 in
743 2572 871 2651 Syrenas
894 2572 974 2632 abire
996 2575 1100 2652 potuit,
1122 2580 1155 2631 ut
1177 2570 1256 2650 apud
1274 2571 1344 2630 Flo·

201 2699 266 2738 rum
289 2679 305 2737 I
328 2681 367 2738 46
393 2678 445 2757 (=
470 2681 519 2738 III
545 2683 596 2756 11)
618 2688 726 2742 strenae
747 2681 773 2740 B
795 2703 909 2759 syrenae
930 2681 961 2741 C.
1006 2681 1093 2741 Hanc
1122 2680 1345 2760 explicationem

200 2807 259 2846 non
288 2789 407 2846 invertit
441 2790 489 2867 qui
520 2788 609 2848 obicit
642 2792 765 2869 primam
795 2788 941 2868 syllabam
970 2791 1097 2848 nominis
1120 2789 1247 2851 Surenae
1277 2811 1342 2870 pro-

173 2959 174 2964 *
201 2895 318 2957 ductam
351 2915 414 2956 esse
448 2899 517 2976 quia
550 2895 664 2957 Graeca
704 2897 796 2956 forma
829 2897 914 2956 huius
947 2899 1071 2956 nominis
1102 2893 1253 2980 Σουρήνης
1292 2901 1345 2974 sit3

199 2993 268 3064 nam
308 3003 425 3085 syllaba
458 3027 492 3066 oo
537 3009 568 3065 in
611 3009 718 3066 exteris
759 3005 925 3065 nominibus
967 3013 997 3064 et
1036 3003 1179 3085 producta
1219 3014 1248 3066 et
1285 3025 1346 3065 cor-

200 3124 284 3196 repta
311 3134 373 3176 esse
401 3122 512 3196 potest,
543 3133 637 3194 neque
669 3111 747 3194 apud
776 3113 866 3172 ullum
893 3121 1010 3192 poetam
1037 3115 1137 3173 inveni
1166 3132 1272 3173 nomen
1294 3113 1346 3173 Su·

202 3243 297 3283 renae.
342 3225 460 3283 Rectius
482 3226 573 3301 igitur
588 3241 604 3281 e
621 3222 740 3282 Valerio
765 3220 982 3280 concluderetur
1005 3220 1149 3300 syllabam
1172 3244 1206 3283 oo
1229 3223 1346 3282 brevem

203 3351 272 3392 esse.
318 3332 474 3392 Praeterea
502 3331 616 3410 reliqua
644 3333 763 3390 nomina
797 3329 937 3388 Parthica
970 3328 1094 3388 suadent
1126 3339 1159 3390 ut
1191 3331 1268 3390 hanc
1299 3328 1345 3390 ‘in-

202 3442 443 3520 terpretationem
475 3441 660 3519 accipiamus.
705 3437 737 3497 Si
767 3437 890 3515 legimus
919 3441 1019 3514 Syenes
1048 3435 1186 3517 oppidum
1214 3438 1347 3520 Aegypti

202 3547 300 3628 Syene
322 3549 427 3608 subest.
479 3548 587 3608 Utrum
610 3545 811 3627 accipiendum
834 3549 872 3606 sit
894 3567 947 3626 pro
971 3553 1048 3606 certo
1073 3545 1130 3604 dici
1153 3567 1211 3606 non
1234 3539 1346 3627 potest:

199 3665 354 3737 utrumque
377 3659 487 3736 pariter
509 3655 667 3736 respondet
689 3653 893 3716 consuetudini
915 3663 1024 3734 poetae.

291 3824 418 3879 Zacoras
441 3819 498 3896 (Vl
524 3819 606 3898 554).
650 3815 829 3878 Nominibus
848 3815 995 3876 Parthicis
1017 3817 1112 3876 insero
1135 3837 1248 3878 nomen·
1271 3815 1349 3898 quod

201 3927 325 4014 legimus
355 3931 386 3987 in
420 3926 598 3988 editionibus
630 3933 763 3987 Zacoras.
808 3925 877 3986 Vox
900 3923 1014 3984 Graeca
1045 3945 1104 3984 non
1132 3947 1199 3985 rara
1223 3923 1348 4010 ζάκορος

203 4038 351 4116 significat
373 4036 530 4113 aedituum,
553 4037 600 4098 dei
621 4039 799 4112 ministrum
822 4034 891 4102 inde
913 4033 1118 4115 hierophantas
1135 4033 1252 4114 quidam
1270 4034 1349 4116 apud

203 4146 326 4225 Lysiam
348 4144 394 4205 VI
419 4148 458 4205 54
483 4141 615 4228 Ζάκορος
645 4145 815 4226 appellatur.
860 4142 939 4201 Num
962 4140 1101 4202 credibile
1131 4152 1175 4202 est
1196 4142 1349 4202 Valerium

202 4255 260 4314 hcc
282 4276 388 4317 nomen
411 4277 525 4316 sacrum
546 4255 634 4315 militi
657 4255 745 4314 alicui
769 4252 907 4334 Scythico
929 4251 1016 4312 nulla
1043 4255 1156 4313 ratione
1184 4251 1348 4312 indidisse?

203 4365 333 4426 Minime.
379 4363 538 4427 Praeterea
570 4368 699 4444 omnium
731 4366 881 4424 nominum
915 4381 989 4442 quae
1019 4361 1098 4442 apud
1127 4361 1278 4442 Valerium
1308 4361 1349 4422 le-⁸

202 4482 329 4552 guntur,
361 4493 398 4536 ne
427 4494 516 4534 unum
547 4472 663 4556 quidem
686 4473 739 4533 tali
759 4469 846 4531 modo
868 4471 1024 4529 formatum
1047 4478 1096 4528 est.
1143 4469 1210 4529 Mea
1234 4468 1350 4548 quidem

1047 4575 1092 4636 2*
