3190 4956
791 260 808 316 8

223 431 337 504 tmmica
359 431 464 502 Hister,
488 429 627 508 Hypasis,
652 431 749 502 Peaoe,
773 431 927 504 Bastaraa,
951 429 1073 502 Nemas,
1096 431 1174 502 (ida,
1199 431 1364 502 Barata,

219 543 337 613 Bisada,
362 541 502 613 Hahamas,
525 539 666 612 Sarmata,
690 537 780 598 altero
804 541 930 612 (hamram,
955 541 1120 610 Bedoaotas,
1145 537 1265 610 Nemas,
1289 539 1362 596 Saa-

220 657 338 708 romates
359 651 440 720 (VII
454 653 514 723 83),
538 651 684 706 Bastaraa
706 645 944 706 subministravit.
989 643 1158 706 Notandum
1181 653 1225 706 est
1247 648 1365 706 nomina

222 775 297 836 quae
330 763 397 815 sunt
419 760 581 828 Bastaraa,
612 759 761 830 Bellonam,
792 759 921 832 Lapeas,
953 757 1084 828 Narras,
1107 759 1217 815 Bisadta
1248 761 1363 836 praeter

223 863 327 924 allatos
356 862 435 922 locos
465 861 544 943 apud
575 861 728 922 Sidonium
761 884 820 922 non
849 863 926 942 legi,
960 867 1111 923 Beiiomotos
1143 861 1222 946 apud
1252 861 1364 922 nullum

224 971 315 1031 elium
348 974 524 1053 scriptorem.
581 970 718 1031 Sidonius
750 974 841 1049 igitur
873 992 931 1032 uno
962 971 1082 1034 Valerio
1116 979 1232 1032 auctore
1266 973 1365 1032 utitur.

223 1079 364 1141 Fructum
387 1082 610 1159 comparationis
632 1079 773 1141 habemus
795 1084 905 1140 variam
929 1083 1102 1160 scripturam
1124 1085 1366 1141 Redemit-Bada·

129 1189 131 1193 ’
224 1198 295 1252 miti:
318 1198 383 1250 utro
405 1189 470 1249 loco
483 1208 589 1249 nomen
604 1197 682 1250 recte
699 1190 783 1250 nobis
805 1189 936 1250 tradatur
952 1189 1111 1250 diiudicare
1132 1211 1192 1250 non
1206 1210 1365 1272 possumus.

227 1373 231 1382 „
308 1299 392 1359 Haec
420 1299 568 1382 praefatus
598 1301 769 1381 priusquam
802 1299 840 1359 ad
870 1303 964 1380 ipsam
998 1303 1196 1380 quaestionem
1228 1299 1365 1360 accedam

221 1395 338 1468 necesse
367 1417 412 1468 est
442 1427 579 1487 quaerere
608 1406 753 1487 quomodo
780 1409 915 1468 Valerius
944 1410 1062 1468 nomina
1090 1411 1208 1490 propria
1238 1411 1365 1468 virorum

220 1517 356 1589 finxerit;
388 1538 457 1576 nam
482 1537 548 1576 cum
576 1517 648 1576 fines
676 1526 779 1596 tangat
807 1517 881 1578 nulli
911 1520 1032 1576 carmini
1055 1527 1122 1578 ante
1152 1522 1248 1598 ipsum
1270 1527 1363 1593 notos,

222 1621 367 1710 permulta
389 1625 506 1684 nomina
529 1621 608 1702 apud
631 1642 697 1682 eum
719 1623 765 1682 vel
788 1626 912 1706 primum
942 1625 991 1685 vel
1013 1623 1106 1684 solum
1129 1624 1281 1702 leguntur,
1311 1643 1365 1683 nec

223 1731 305 1792 deest
329 1731 456 1812 suspicio
479 1750 524 1790 res
546 1731 758 1812 geographicas
787 1735 818 1791 in
839 1734 1003 1794 nominibus
1026 1731 1200 1814 quibusdam
1222 1732 1366 1812 fingendis

225 1849 329 1922 poetae
352 1846 420 1899 ante
442 1837 541 1900 oculos
562 1849 694 1900 versatas
716 1861 785 1902 esse.
825 1843 870 1901 Ea
893 1842 929 1903 de
951 1862 983 1902 re
1006 1845 1167 1924 scripturus
1190 1862 1249 1901 non
1271 1849 1368 1924 potest

183 1950 186 1957 ’
223 1927 387 2028 Vergilium
404 1951 487 2028 quasi
502 1945 672 2032 ἀρχηγέτην
689 1953 837 2031 epicorum
853 1952 1026 2012 Latinorum
1041 1954 1092 2031 qui
1105 1959 1172 2032 post
1194 1969 1225 2010 se
1250 1949 1369 2010 fuerunt

222 2078 282 2118 non
304 2060 457 2138 respicere,
482 2057 635 2117 camillos
657 2058 830 2137 adVergilii
852 2060 1016 2140 exemplum
1045 2067 1075 2120 et
1096 2061 1225 2118 carmina
1247 2079 1300 2118 sua
1323 2061 1367 2117 in·

222 2169 351 2226 stituiese
373 2175 402 2226 et
422 2169 540 2226 nomina
569 2170 688 2249 propria
709 2168 828 2228 finxisse
851 2177 969 2229 constet.
1015 2167 1164 2227 Tractabo
1187 2170 1278 2246 igitur
1308 2167 1365 2227 hoc

225 2255 320 2354 capite
342 2278 461 2334 nomina
481 2280 600 2356 propria
622 2298 639 2336 a
662 2278 794 2357 Vergilio
816 2280 848 2337 in
870 2275 1001 2338 Aeneide
1023 2285 1168 2358 usrupata.

726 2481 827 2566 cauus
850 2481 868 2550 Ι.

780 2595 804 2652 1.

309 2699 457 2779 Vergilius
473 2701 565 2760 multa
578 2703 696 2760 nomina
711 2719 755 2762 ex‘
764 2701 977 2782 antiquioribus
993 2699 1181 2781 scriptoribus
1196 2701 1238 2759 ita
1261 2699 1364 2777 adfert,

221 2817 255 2868 ut
277 2817 305 2868 et
327 2807 406 2889 apud
428 2809 592 2889 Vergilium
615 2818 643 2868 et
673 2809 751 2890 apud
773 2810 840 2870 illos
862 2814 1018 2891 scriptores
1040 2809 1130 2870 iidem
1153 2811 1284 2870 homines
1306 2813 1365 2889 sig·

223 2915 386 2980 nificentur.

687 3049 713 3087 a.
737 3047 774 3088 ex
796 3027 897 3090 Iliade.

224 3121 341 3196 adhihes
374 3139 508 3196 Aeacides
539 3141 648 3196 Aeaeos
684 3141 797 3214 Apeaor
829 3145 906 3200 Aiaa
936 3143 1055 3200 Amidae
1077 3135 1152 3213 (εύς)
1184 3144 1369 3219 Amphitryon

224 3247 355 3304 Archises
384 3248 565 3304 Aadrisiades
587 3248 781 3304 Andromache
809 3252 935 3306 Aatemor
968 3251 1115 3326 Astqaaaa
1144 3251 1257 3309 Atrides
1279 3254 1367 3310 Amto-

223 3355 321 3412 medoa
346 3354 458 3414 Calchas
475 3353 634 3414 Oassaadra
653 3355 750 3414 (lastor
772 3357 879 3416 Cisseus
895 3357 1042 3434 Cymodoce
1060 3359 1203 3434 Cymothoe
1219 3362 1364 3422 Daedatas

225 3463 329 3520 Damae
352 3465 509 3522 Dordarms
539 3465 698 3534 Deiphobus
721 3466 860 3523 Demoleos
890 3467 1037 3539 Diomedes
1059 3469 1150 3524 Dohm
1177 3470 1250 3525 Doto
1274 3471 1369 3541 apem

227 3572 401 3647 Emystheas
417 3573 535 3630 Galatea
557 3573 730 3647 Ganymedes
752 3575 845 3648 Gorya
861 3577 965 3632 Hector
987 3577 1103 3634 Horaba
1125 3579 1232 3635 Helena
1248 3581 1370 3640 Helemrs

225 3682 358 3739 Heroides
389 3683 491 3739 Idaeas
522 3683 683 3740 Idomeaeas
713 3683 835 3742 Laertes¹
858 3685 1017 3742 Laomedon
1046 3685 1161 3760 Lyctias
1170 3679 1194 3759 ¹)
1223 3687 1371 3764 laromam

225 3792 365 3848 Machaon
399 3792 503 3848 Madaro
535 3793 679 3848 Meadaas
710 3794 806 3850 Mimos
836 3795 1019 3870 Mpydoaides
1042 3790 1109 3867 (ὢν)
1142 3795 1234 3854 oreas
1265 3797 1369 3856 Orestes

227 3901 341 3956 Patmos
363 3902 422 3970 (υς)
457 3901 610 3958 Paadaras
641 3901 769 3959 Pamthas
801 3903 886 3960 Paris
922 3905 1018 3976 Pelops
1051 3906 1181 3963 Peaeheas
1212 3907 1370 3966 Philoctetes

226 4012 351 4068 Phormio
382 4010 505 4066 Phorcas
528 4011 587 4079 (υς)
619 4011 744 4067 Phorbas
777 4012 921 4070 Pirithous
955 4015 1055 4071 Polites
1086 4015 1183 4070 Podaa
1218 4017 1370 4090 Polydorus

227 4117 360 4172 Priamas
381 4115 614 4172 Rhadamanthus
627 4117 686 4186 (υς)
709 4117 822 4173 Rhesas'
836 4118 980 4188 Sarpedom
1001 4119 1068 4189 sato
1089 4119 1231 4176 Sthemeias
1253 4123 1369 4180 marm

228 4225 319 4281 Thoas
342 4224 476 4280 Tithomas
499 4223 606 4296 Tydeos
629 4225 770 4297 Typhoeos
796 4224 930 4298 anhpaa
955 4225 1046 4283 Ulr'aes
1069 4227 1209 4284 Xamthas.

228 4364 280 4372 ..-

301 4439 328 4508 1)
348 4455 364 4492 a
383 4439 469 4510 Lycto
490 4437 600 4509 oppido,
620 4441 712 4510 patria
730 4439 874 4496 Idomenei.
