3190 4956
784 277 824 344 30

319 457 437 532 Caspius
464 457 523 536 (VI
547 456 629 538 189).
674 456 789 518 Nomen
822 455 923 537 Caspii
953 454 1082 536 Scythae
1115 475 1134 515 a
1165 453 1240 516 mari
1272 449 1379 538 Caspio

231 562 332 624 fictum
354 573 404 625 est.
859 615 863 626 .

317 673 421 746 Caspia
442 678 563 734 clunem
586 671 628 756 (V
646 673 726 754 124).
771 674 819 734 De
840 677 932 755 portis
955 672 1070 753 Caspiis
1086 672 1230 748 Valerius,
1252 670 1285 731 id
1301 671 1379 752 quod

229 800 283 841 nos
305 778 391 840 docet
414 787 562 841 auctorem
583 789 779 860 praestantem
801 781 898 857 fuisse,
921 790 1000 842 recte
1022 783 1130 858 sentit3
1151 800 1221 840 nam
1242 780 1333 840 Marti
1355 802 1374 839 a

229 889 408 965 Massagetis
440 897 470 949 et
499 888 596 950 Medis
628 889 667 950 ad
697 889 946 950 Thermodontem
975 890 1171 971 proficiscenti
1209 907 1261 968 per
1291 907 1377 950 veras

231 1004 332 1077 portas
356 995 495 1077 Caspias,
526 1019 585 1058 non
618 1017 670 1080 per
699 997 774 1062 falso
806 1002 849 1058 iia
877 1001 1042 1058 nominatas
1070 1001 1101 1058 in
1124 989 1255 1058 Caucaso
1277 1006 1377 1059 monte

231 1103 358 1166 eundum
396 1114 455 1183 est;
491 1105 526 1167 of.
557 1128 580 1168 a
610 1127 637 1166 v.
671 1106 773 1168 Hiber.
819 1107 894 1168 ltem
924 1127 1027 1168 versus
1049 1107 1095 1170 VI
1119 1110 1179 1168 106
1213 1128 1236 1166 s.
1272 1106 1378 1169 docent

228 1212 382 1273 Valerium
404 1233 490 1276 veras
511 1222 611 1294 portas
633 1213 756 1296 Caspias
777 1213 881 1275 dicere.
926 1214 964 1274 ld
986 1215 1071 1275 nobis
1100 1214 1241 1276 indicium
1271 1220 1377 1277 aetatis

229 1322 355 1380 auctoris
391 1328 449 1395 est,
483 1341 551 1382 nam
573 1322 689 1382 Plinius
722 1321 794 1384 dicit
822 1329 921 1402 portas
953 1325 1041 1383 etiam
1070 1331 1138 1402 post
1159 1322 1376 1403 expeditionem

230 1427 405 1490 Corbulonis
427 1429 458 1490 in
480 1426 622 1490 Armenia
644 1429 783 1510 (os-63
809 1451 837 1511 p.
861 1428 943 1509 Chr.)
970 1450 1029 1490 non
1051 1437 1130 1491 recte
1152 1429 1283 1512 depictas
1305 1449 1374 1491 osse.

228 1531 354 1616 1111011)
374 1537 465 1614 igitur
486 1539 684 1600 recentissimo
707 1546 837 1618 tempore
860 1545 1004 1598 correctus
1032 1545 1092 1598 est:
1124 1536 1204 1619 apud
1224 1537 1375 1599 Valerium

228 1652 387 1704 comeciam
409 1648 605 1706 narrationem
626 1645 767 1724 legimm:
790 1645 862 1725 quid
877 1645 946 1708 inde
960 1653 1099 1727 sequatur
1113 1653 1242 1726 apparet.
1278 1645 1375 1706 Verae

227 1761 329 1833 portae
351 1751 478 1834 Caspiae
500 1773 676 1834 quamquam
697 1752 861 1814 Alexandri
893 1753 1082 1834 expeditione
1110 1756 1298 1815 innotuerunt
1329 1762 1374 1814 ta·

227 1881 294 1921 men
316 1860 396 1942 apud
418 1862 564 1922 Romanos
586 1865 741 1944 scriptores
763 1883 855 1944 usque
877 1862 916 1922 ad
932 1862 1062 1924 Plinium
1085 1883 1143 1922 non
1164 1869 1371 1924 memorantur.

227 1967 348 2030 Nullum
360 1973 519 2049 vestigium
534 1978 578 2030 est
589 1969 739 2030 Valerium
754 1971 926 2048 scriptorem
938 1987 1033 2030 rernm
1045 1977 1195 2048 gestarum
1205 1968 1369 2030 Alexandri

230 2079 260 2136 iu
289 2097 372 2138 suum
403 2099 487 2138 usum
515 2080 696 2140 convertisse.
742 2078 790 2136 Ex
820 2077 918 2137 Plinio
949 2076 1087 2138 discimus
1109 2097 1197 2159 quam
1219 2077 1375 2140 obscurata

228 2185 297 2247 haec
325 2191 432 2248 notitia
464 2185 545 2268 apud
571 2188 719 2246 Romanos
744 2186 840 2246 fuerit.
885 2183 993 2247 Graeci
1014 2186 1176 2267 geographi
1198 2185 1304 2249 Strabo
1327 2188 1371 2266 (p.

229 2295 302 2374 522)
326 2303 355 2355 et
377 2294 521 2375 Polybius
544 2295 585 2373 (V
605 2297 655 2370 44,
680 2293 712 2375 ὁ)
734 2293 943 2356 vetustioribus
965 2293 1087 2356 Graecis
1109 2295 1302 2375 scriptoribus
1324 2298 1370 2355 usi

225 2401 281 2463 lroo
303 2405 502 2464 Romanorum
525 2423 620 2465 errore
641 2412 829 2464 vacaverunt.
875 2404 946 2466 dam
968 2403 1000 2464 id
1022 2404 1162 2466 indicium
1192 2407 1296 2465 aetatis
1325 2412 1370 2465 est

226 2511 280 2574 has
314 2523 414 2595 portas
446 2517 564 2574 omniuo
595 2517 833 2590 commemorari3
867 2533 959 2594 usque
986 2513 1025 2574 ad
1047 2513 1176 2576 medium
1197 2535 1225 2596 p.
1249 2513 1281 2574 C.
1305 2533 1370 2576 sae·

227 2617 325 2680 culum
347 2623 473 2701 primum
494 2621 636 2680 Romanis
658 2619 727 2682 illae
748 2625 881 2699 regiones
896 2638 962 2680 'non
984 2639 1071 2680 curae
1093 2629 1194 2682 amnt:
1226 2639 1300 2701 quae
1321 2639 1371 2682 ne·

226 2727 374 2808 glegentia
395 2730 593 2790 Romanorum
608 2729 735 2790 Neronis
757 2737 854 2790 aetate
875 2728 953 2790 bello
970 2731 1003 2788 in
1017 2727 1158 2790 Arm0nia
1173 2737 1257 2808 gesto
1271 2728 1369 2792 subito

225 2858 348 2902 excussa
378 2848 431 2902 est.
476 2840 553 2920 Ipsis
575 2839 687 2900 Valerii
719 2838 897 2921 temporibus
929 2842 1004 2900 istae
1036 2841 1170 2918 regiones
1191 2838 1289 2900 studio
1311 2839 1369 2900 Ro·

224 2969 375 3010 manorum
405 2952 437 3008 in
467 2969 500 3010 se
529 2969 668 3010 converso
700 2949 869 3028 diligentius
904 2971 922 3009 a
958 2948 1134 3030 geographis
1169 2947 1370 3010 mactabantur

225 3062 391 3139 rectiusque
413 3079 500 3139 quam
524 3058 707 3140 aptioribus
729 3059 974 3120 describebantiu.

310 3171 466 3244 Caspiadae
496 3167 554 3248 (VI
580 3169 661 3249 107).
705 3169 753 3228 De
779 3169 872 3228 forma
893 3168 979 3229 huim
1007 3170 1133 3230 nominis
1167 3167 1202 3230 cf.
1232 3167 1367 3231 Servium

223 3275 254 3335 in
275 3273 348 3334 Aen.
372 3274 388 3332 I
410 3277 473 3336 490
497 3279 703 3336 Amazonidum
725 3285 816 3334 autem
844 3279 978 3336 deriuatio
1010 3286 1049 3336 ast
1080 3296 1133 3348 pro
1149 3281 1366 3350 minueres,

223 3385 293 3440 siout
322 3382 470 3454 Scipiadas
503 3385 588 3440 duros
623 3385 687 3441 bede
715 3399 770 3454 pro
803 3383 986 3454 Scipionibus.
1039 3380 1085 3444 Cf.
1119 3379 1283 3442 Maeotidas
1313 3400 1367 3462 pro

222 3487 348 3548 Maeotis
370 3487 503 3567 (Vopisci
525 3487 627 3548 Aurel.
654 3490 708 3563 16,
732 3489 761 3546 4.
799 3487 870 3547 Tac.
897 3490 952 3562 13,
978 3487 1010 3567 3)
1043 3494 1072 3548 et
1098 3485 1285 3548 Dandaridas
1313 3507 1367 3568 pro

221 3595 381 3664 Dandariis
403 3595 487 3674 (Tac.
512 3615 577 3655 ann.
601 3596 666 3656 XII
692 3595 753 3675 15).
797 3595 950 3674 Legtmtur
976 3598 1066 3656 etiam
1093 3591 1204 3656 formae
1226 3594 1367 3675 Caspiani

223 3701 352 3782 (MelaI
378 3707 404 3779 2,
431 3707 481 3781 12)
504 3713 533 3766 et
556 3703 719 3786 Caspianae
751 3703 1095 3785 (inamoenus).
1142 3705 1234 3765 Terra
1266 3723 1366 3766 eorum

222 3806 383 3896 Κασπιανὴ
415 3813 588 3893 appellatur,
619 3812 715 3877 Strab.
738 3833 766 3894 p.
792 3815 863 3874 502.
907 3813 1027 3893 Reliqui
1060 3816 1215 3896 scriptores
1243 3801 1365 3874 utuntur

222 3919 316 3980 forma
339 3940 415 4001 quae
437 3929 481 3981 est
503 3915 611 4000 Caspii.
655 3921 763 3980 Forma
787 3918 951 4000 Caspiadae
979 3919 1048 3982 inde
1075 3920 1113 3981 ab
1134 3922 1231 3982 Ennio
1253 3942 1272 3980 a
1293 3943 1364 4003 quo·

221 4025 296 4088 libet
316 4036 404 4108 poeta
425 4026 533 4087 Latino
555 4026 642 4088 facile
664 4027 736 4106 fingi
768 4030 884 4108 potuit3
916 4027 1049 4088 similiter
1071 4028 1233 4110 Dionysius
1264 4029 1364 4092 Perie-

221 4142 303 4214 getes
336 4135 418 4196 nulla
449 4138 562 4197 ratione
599 4157 664 4196 cum
697 4135 817 4197 Valerio
855 4138 1023 4196 coniunctus
1057 4130 1236 4208 Κασπιάδας
1270 4135 1364 4208 πύλας

221 4237 322 4321 linxit,
356 4265 385 4304 v.
414 4247 504 4305 1035.
537 4247 628 4305 1064.
674 4245 757 4320 Quae
788 4245 925 4306 Valerius
948 4243 992 4306 VI
1018 4247 1076 4306 107
1112 4267 1148 4306 ss.
1180 4245 1217 4308 de
1248 4246 1364 4329 Caspiis

224 4427 227 4436 Ι
292 4459 318 4534 1)
338 4457 479 4528 Siquidem
498 4465 645 4529 errorem,
665 4459 699 4515 ci.
719 4474 794 4546 quae·
808 4476 829 4516 s.
849 4476 872 4516 v.
893 4459 979 4528 Hiber
995 4459 1120 4536 ,exposui

1106 4559 1124 4620 3
