3190 4956
750 249 795 309 76

198 419 310 478 Moesia
343 423 497 498 provincia
528 423 686 479 constituta
717 429 761 480 est
783 425 944 501 imperante
966 421 1101 500 Augusto
1124 440 1142 477 a
1165 420 1204 478 M.
1229 418 1343 494 Crasso,

196 529 261 588 Liv'.
286 549 345 608 per.
374 532 441 589 134.
487 529 916 610 Flor.112e(=1vrr).
963 529 1022 590 Cur
1044 529 1180 588 Valerius
1209 547 1257 586 eos
1279 548 1341 586 mn-

195 644 304 695 tatores
327 657 467 716 equorum
490 636 618 716 appellet
640 636 745 715 reliqui
768 640 925 716 scriptores
947 637 1033 696 nobis
1055 656 1113 695 non
1142 637 1338 715 suppeditant,

194 745 334 803 Manilius
358 745 383 803 V
410 746 448 803 85
473 763 510 802 es.
546 763 564 800 a
585 742 736 820 Wagnero
770 743 885 807 adlatus
916 764 976 804 rem
1006 765 1064 803 non
1087 742 1223 822 explicat.
1269 743 1339 803 Siue

194 852 284 912 dubio
314 853 449 913 Valerius
480 853 556 911 hane
593 861 685 913 artem
717 851 904 912 desultariam
936 853 974 912 ad
1010 854 1163 912 arbitrium
1192 871 1276 912 suum
1300 850 1338 910 ad

194 961 310 1020 Moesos
331 961 483 1020 transtulit
505 968 538 1019 ut
559 959 652 1020 artem
674 964 819 1039 magicam
842 961 880 1020 ad
904 961 1055 1036 Choatras,
1078 969 1167 1040 atque
1183 959 1337 1018 Harmand

193 1090 220 1148 p.
238 1071 278 1127 42
302 1068 373 1127 mihi
397 1071 543 1149 persuasit
565 1067 642 1128 hanc
663 1088 726 1128 rem
740 1087 756 1128 e
771 1069 858 1128 Livio
873 1070 1042 1128 translatam
1058 1089 1129 1142 esse,
1153 1071 1204 1148 qui
1220 1068 1334 1127 XXIII

193 1181 270 1251 49„
295 1177 332 1236 de
354 1177 491 1236 Numidis
513 1177 586 1236 haec
614 1186 730 1237 narrat:
762 1191 811 1237 aee
840 1199 931 1238 omnes
954 1183 1096 1237 Numidae
1127 1184 1159 1237 ia
1181 1184 1276 1238 dextro
1297 1185 1334 1236 to-

192 1294 247 1346 aare
269 1308 362 1361 werae,
384 1291 432 1346 sed
453 1292 553 1361 quibas
575 1291 742 1346 desultorum
764 1295 796 1347 ia
818 1293 930 1346 modam
953 1294 1031 1348 biaos
1053 1292 1225 1346 trahentibus
1254 1307 1335 1360 equos

191 1399 264 1454 dater
286 1399 450 1454 acerrimam
471 1415 551 1468 saepe
569 1417 697 1470 papanem
719 1401 752 1454 ta
772 1407 904 1454 recentem
927 1417 1027 1470 equam
1057 1416 1089 1454 ee
1118 1400 1187 1466 fesso
1219 1397 1336 1452 armatis

190 1509 372 1562 transsaltuum
395 1525 451 1562 mos
473 1513 542 1562 erat.

277 1616 392 1686 Mpraee
409 1645 448 1654 -
466 1615 574 1669 Tibiae.
612 1609 752 1668 Colaxem
765 1609 845 1668 haud
861 1609 961 1688 procul
977 1609 1190 1688 aBorysthene
1201 1625 1333 1686 procrea-

191 1726 252 1776 tum
268 1737 328 1776 esse
344 1726 465 1797 apparet
481 1737 518 1776 ex
529 1716 692 1791 Herodem,
713 1721 760 1776 cui
777 1726 867 1776 totam
883 1720 1080 1776 narrationem
1096 1717 1182 1776 debet
1199 1717 1333 1776 Valerius

191 1826 239 1905 (cl.
258 1848 286 1905 p.
301 1826 368 1906 15);
391 1826 523 1885 firmatur
538 1827 611 1884 haec
628 1829 773 1885 sententia
788 1827 918 1906 Myracis
939 1826 1023 1884 fluvii
1046 1829 1199 1900 mentione,
1224 1829 1272 1905 qui
1296 1825 1333 1886 ab

188 1931 261 1991 urbe
283 1933 447 2012 Tamyraee
469 1931 508 1990 ad
531 1931 708 1991 Carcinitem
731 1935 827 1990 sinum
849 1935 906 1992 sita
928 1936 1055 2012 separari
1087 1955 1173 2013 posse
1204 1955 1261 1994 non
1290 1937 1332 1993 vi-

188 2038 280 2098 detur.
327 2040 467 2120 Myracen
488 2039 610 2098 fluvium
633 2058 698 2098 eum
722 2059 785 2098 esse
808 2058 894 2118 quem
917 2039 967 2096 alii
992 2043 1146 2120 scriptores
1159 2043 1257 2100 Maria
1281 2063 1331 2122 ap-

187 2147 298 2226 pellant
321 2150 439 2206 omnino
462 2145 540 2205 credi
564 2149 673 2226 nequit.
719 2147 803 2206 Nihil
825 2149 896 2205 certi
919 2145 956 2206 de
978 2147 1097 2226 Myraoe
1119 2149 1208 2208 fluvio
1232 2153 1331 2227 cogni-

188 2263 250 2314 tum
273 2263 333 2329 est;
357 2257 456 2335 itaque
478 2275 536 2313 uno
551 2255 672 2314 Valerio
695 2257 767 2313 nisis
790 2254 990 2314 coniciendum
1006 2263 1050 2314 est
1070 2277 1195 2335 parvum
1209 2257 1331 2318 fluvium

188 2383 251 2424 esse
284 2365 334 2442 qui
365 2363 444 2421 haud
473 2363 575 2441 procul
603 2363 640 2422 ab
664 2361 771 2442 oppido
795 2363 960 2442 Tamyraee
981 2366 1013 2422 in
1036 2367 1132 2423 sinum
1156 2364 1332 2425 Carcinitem

187 2492 219 2533 se
240 2475 355 2552 proicit.
399 2471 468 2530 Una
490 2491 556 2530 cum
582 2471 637 2530 hoc
660 2471 780 2550 Myraoe
809 2469 978 2530 tractandus
1012 2479 1057 2530 est
1079 2471 1190 2530 Tibisis
1223 2472 1331 2531 fluvius

187 2600 273 2660 quem
305 2581 425 2638 minimo
457 2581 552 2657 spatio
584 2567 745 2656 a‘Myraee
776 2581 937 2636 seiunctum
960 2596 1023 2636 esse
1045 2597 1083 2636 ex
1106 2577 1225 2638 Valerio
1249 2581 1331 2640 colli·

187 2799 217 2856 in
248 2796 301 2854 has
335 2797 469 2872 regiones
498 2795 709 2872 transposuerit
738 2793 825 2872 plane
856 2791 1028 2852 incredibile
1061 2801 1111 2851 est.
1157 2793 1271 2854 Eadem
1294 2795 1331 2856 de

188 2925 276 2964 causa
291 2903 418 2962 TibisIm
432 2902 577 2960 Thraciae
591 2901 722 2974 fluvium,
746 2921 832 2980 quem
847 2903 877 2958 in
900 2901 1010 2958 Istrum
1034 2899 1202 2959 influentem
1226 2901 1331 2962 descri-

186 3012 230 3072 bit
252 3011 420 3071 Herodotus
445 3009 488 3068 IV
512 3011 569 3082 49,
603 3007 817 3088 repudiandum
839 3027 903 3068 esse
934 3027 1056 3082 censeo;
1090 3017 1241 3087 praeterea
1272 3031 1331 3070 mo-

187 3119 316 3178 nendum
348 3126 392 3178 est
415 3116 567 3177 Valerium
600 3119 717 3175 omnino
744 3117 840 3175 nullas
873 3136 920 3176 res
946 3114 1158 3195 geographicas
1178 3117 1332 3178 ¹Herodoto

186 3226 300 3300 debere,
332 3245 426 3305 neque
449 3243 486 3283 ex
508 3223 560 3282 illo
584 3222 705 3283 Colaxis
727 3225 880 3283 historiam
902 3222 1112 3282 describentem
1134 3222 1257 3300 fugisset
1279 3225 1331 3284 Ti·

185 3334 272 3393 bisIm
294 3334 422 3392 maximo
444 3336 539 3413 spatio
563 3353 581 3390 a
603 3332 787 3413 Borysthene
809 3334 953 3411 separari3
985 3333 1011 3388 si
1043 3349 1080 3388 ex
1102 3331 1255 3391 Herodoto
1277 3333 1330 3392 flu-

183 3444 264 3501 vium
287 3439 436 3501 desumere
458 3441 551 3500 voluit
570 3441 769 3520 Borysthenes
792 3435 975 3498 adhibendus
999 3446 1067 3496 erat.
1113 3439 1221 3498 Mirum
1244 3451 1329 3518 esset,

184 3551 208 3608 si
231 3549 353 3608 duorum
376 3557 438 3608 arte
461 3551 681 3608 coniunctorum
704 3547 861 3607 fluviorum
883 3547 958 3605 alter
977 3565 1014 3604 ex
1029 3544 1180 3605 Herodoto
1196 3557 1329 3628 sumptus

185 3665 261 3716 esset
283 3658 358 3716 alter
380 3676 417 3716 ex
441 3655 661 3734 chorographia.
706 3657 812 3734 Itaque
834 3676 892 3714 uno
914 3656 1035 3718 Valerio
1059 3659 1199 3720 utendum
1222 3672 1268 3724 est
1290 3663 1329 3722 ad

189 3767 277 3822 situm
299 3765 386 3822 huius
408 3765 491 3822 fluvii
513 3762 718 3824 definiendum.

270 3875 406 3946 Myraces.
451 3870 587 3949 Myraces
620 3869 748 3928 Parthus
786 3871 823 3930 ab
857 3872 912 3932 hoc
942 3873 1031 3934 fluvIo
1061 3893 1166 3934 nomen
1198 3878 1327 3954 accepit3

183 3978 245 4034 eius
267 3975 418 4054 pugnandi
440 3979 514 4035 ratio
537 3978 581 4036 VI
605 3980 667 4036 690
690 3998 726 4036 ss.
750 3977 895 4058 descripta
925 4001 956 4040 re
980 4001 1049 4040 vera
1072 3981 1245 4042 Parthorum
1275 3993 1325 4044 est.

269 4087 361 4142 Neare'
383 4082 440 4162 (VI
458 4084 539 4162 122).
584 4084 678 4143 Neuri
701 4093 733 4144 ut
755 4087 913 4146 nonnullae
936 4089 1012 4148 allae
1034 4099 1136 4166 gentes
1159 4090 1238 4170 apud
1261 4107 1326 4170 geo*-

181 4192 309 4270 graphos
331 4194 374 4250 ita
396 4190 533 4271 descripti
556 4195 751 4270 inveniuntur,
784 4202 817 4252 ut
840 4193 967 4254 dubitari
990 4206 1117 4278 nequeat
1141 4201 1211 4278 quIn
1232 4199 1326 4258 Hero-

184 4298 270 4358 dotus
291 4319 364 4357 unus
386 4308 488 4358 auctor
511 4303 558 4375 sit,
579 4302 637 4358 nisi
660 4299 740 4380 quod
761 4311 876 4380 praeter
897 4303 1082 4364 Herodotum
1104 4306 1159 4365 hoc
1182 4308 1228 4366 vel
1251 4307 1327 4367 illud

180 4411 222 4474 ais
251 4407 382 4473 affictum
404 4415 463 4484 est,
496 4407 530 4466 ci.
554 4407 670 4470 Aeliau.
697 4407 723 4466 V
747 4411 796 4474 27.
842 4410 902 4476 Ubi
933 4411 1040 4475 neunt
1067 4421 1145 4478 recte
1168 4415 1324 4497 Langenus
