3190 4956
787 217 828 276 8⁴6

228 389 453 471 Hellespontum
475 393 713 468 angraesumum
735 404 798 452 esse
820 393 935 472 saepius
964 392 1125 472 geographi
1152 392 1311 468 adnotant,
1341 399 1375 454 ut

227 499 333 560 Strabo
356 521 382 580 p.
408 503 478 561 108.
504 502 574 561 551.
598 502 668 560 591.
715 500 758 561 Of.
781 498 953 563 Ukert111²
976 522 1002 581 p.
1030 503 1108 579 1373
1131 502 1267 562 Valerius
1282 505 1373 580 igitur

225 609 273 668 hic
295 609 507 690 chorographia
529 630 597 670 usus
620 629 684 670 essa
705 609 827 670 videtur.
873 611 999 670 Necesse
1030 618 1127 670 autem
1158 632 1216 672 nou
1244 619 1290 673 est
1322 611 1372 674 hic
1438 683 1442 691 ⁸

228 716 266 778 de
287 717 499 798 chorographia
518 720 649 796 eogitari,
671 737 736 778 cum
757 737 803 778 res
824 720 910 778 nimis
931 725 1001 778 nota
1023 721 1070 777 sit.

314 847 429 904 Siderea
453 841 509 926 (vi
534 839 595 922 95),
642 845 688 905 De
722 841 881 905 Sidonibus
913 865 940 904 v.
972 866 994 905 s.
1027 845 1194 906 Bastarnae.
1240 846 1373 906 Pessima
1408 885 1411 890 ·

229 954 394 1014 coniectura
416 951 509 1014 Owen
530 971 581 1012 eos
603 954 634 1012 in
656 951 744 1012 Ovid.
767 955 839 1012 trist.
863 953 893 1012 ll
919 955 978 1012 191
1004 953 1169 1033 interpolat,
1199 953 1250 1014 uhi
1272 973 1372 1015 veram

229 1065 401 1141 scripturam
422 1066 539 1139 Jozypea
561 1080 623 1122 esse
644 1070 723 1141 puto.
768 1062 895 1121 Nomina
917 1062 970 1121 illo
1001 1081 1087 1121 versu
1115 1061 1224 1121 tradita
1257 1071 1373 1143 praeter

230 1171 371 1233 Getarum
403 1191 507 1232 nomen
538 1175 636 1231 omnia
665 1180 801 1252 corrupta
832 1180 906 1230 sunt.
953 1171 1048 1232 Schol.
1072 1171 1118 1230 ad.
1141 1172 1211 1232 Luc.
1235 1171 1284 1230 III
1308 1175 1370 1232 280

229 1281 380 1342 confusum
402 1289 432 1341 et
453 1280 558 1341 inutile
580 1289 639 1356 est,
670 1299 764 1361 neque
785 1280 880 1358 magis
903 1279 941 1339 ad
963 1279 1087 1340 Sidonos
1108 1283 1253 1360 pertinent
1275 1280 1369 1341 Sitoni

230 1391 318 1470 (Plin.
341 1390 384 1450 IV
409 1389 462 1466 41)
485 1400 535 1450 aut
557 1387 721 1452 Σινδοναῖοι
744 1391 854 1470 (Steph.
877 1390 970 1470 Hya).

314 1519 444 1595 Strymon
466 1517 524 1597 (VI
547 1518 628 1598 193).
674 1517 811 1598 Strymon
833 1515 960 1577 Colchus
992 1537 1010 1575 a
1039 1517 1193 1597 Strymone
1224 1517 1371 1578 'l'hraciae

227 1628 316 1688 fluvio
339 1646 442 1686 nomen
466 1629 591 1708 accepit3
625 1626 761 1688 Valerius
784 1647 849 1686 eum
871 1625 999 1685 Bisaltas
1021 1624 1059 1684 ad
1082 1625 1267 1705 Strymonem
1289 1629 1369 1686 inco-

226 1737 319 1797 lentes
349 1735 469 1796 inducat
502 1744 725 1797 consentaneum
755 1745 798 1796 est
830 1737 951 1796 fluvium
981 1738 1076 1816 ipsum
1102 1738 1134 1794 in
1156 1735 1370 1815 chorographia
1494 1771 1497 1778 »

228 1845 403 1926 descriptum
437 1843 536 1906 fuisse.
581 1844 630 1905 Ab
659 1844 761 1906 eodem
790 1844 880 1904 fluvio
903 1843 1052 1922 Vergilius
1081 1863 1185 1902 nomen
1209 1843 1368 1923 Strymonii

229 1955 353 2014 Troiani
375 1953 468 2014 finxit.

314 2067 413 2140 Styrus
442 2063 608 2140 (111497).
653 2063 757 2144 Styrus
786 2061 920 2122 Albanus
954 2061 1119 2141 appellatus
1149 2071 1192 2122 est
1224 2083 1241 2120 a
1272 2057 1370 2143 Styra,

228 2171 335 2250 oppido
358 2171 503 2231 Euboeae.
549 2172 677 2230 Primam
708 2171 852 2251 syllabam
883 2169 1023 2251 produxit
1045 2169 1198 2246 Valerius3
1228 2171 1262 2230 cf.
1296 2189 1370 2253 quae

225 2303 252 2360 p.
281 2285 320 2341 20
344 2279 382 2340 ad
405 2286 521 2356 Aquites
544 2279 693 2341 adnotavi.

315 2414 428 2469 Tarmia.
474 2408 592 2468 Tanain
613 2409 734 2468 fluvium
765 2409 994 2490 chorographiae
1028 2406 1115 2468 dehet
1138 2407 1290 2481 Valerium
1331 2407 1367 2468 oi.

227 2540 249 2578 s.
274 2541 300 2578 v.
324 2519 460 2580 Maeotis.

314 2633 417 2688 Tautue
440 2627 498 2706 (VI
522 2628 604 2706 221).
649 2628 761 2688 'Paulas
783 2628 906 2708 Scythes
938 2649 956 2686 a
984 2627 1151 2686 Taulantiis
1180 2635 1268 2704 gente
1296 2626 1370 2706 Illy-

226 2738 288 2796 riae
308 2755 413 2796 nomen
436 2739 555 2816 accepit.
600 2736 753 2795 Taulantii
776 2756 794 2793 a
814 2735 990 2814 geographis
1012 2743 1041 2794 et
1063 2732 1369 2823 rerum'scriptoribus

224 2865 311 2926 saepe
333 2853 599 2920 commemorantur,
621 2853 653 2904 ut
676 2866 694 2903 a
708 2845 789 2904 Mela
802 2845 835 2903 ΙΙ
853 2847 880 2918 3,
898 2870 932 2909 11.
978 2844 1042 2903 Liv.
1068 2845 1118 2917 45,
1143 2845 1191 2916 26,
1208 2869 1243 2908 m.
1290 2843 1367 2904 Pliu.

224 2955 274 3014 HI
305 2958 373 3013 144.
417 2953 561 3014 Strabone
583 2975 612 3034 p.
639 2956 709 3012 326.
754 2954 864 3012 Poetae
894 2955 935 3012 eis
958 2973 1016 3012 non
1037 2960 1165 3012 utuntur.
1212 2950 1367 3032 Appianus

224 3063 271 3122 Ill.
296 3065 314 3120 2
346 3063 432 3122 huius
462 3065 557 3140 gentis
579 3059 735 3143 ἐπώνυμον
758 3061 935 3122 Taulantem
967 3061 1104 3142 appellat,
1140 3080 1226 3142 quem
1249 3060 1368 3120 Valerio

225 3174 356 3250 ignotum
378 3170 467 3230 fuisse
488 3192 541 3250 pro
564 3180 642 3230 certo
665 3171 766 3231 habeo.
812 3171 1036 3231 Taulantiorum
1058 3173 1167 3230 mentio
1201 3191 1254 3230 nos
1283 3169 1369 3232 docet

224 3280 338 3341 Valerii
360 3278 598 3360 chorographiam
622 3299 714 3361 usque
736 3279 775 3339 ad
796 3279 1002 3340 Hadriaticum
1024 3300 1104 3340 mare
1125 3281 1305 3360 pertinuisse.

312 3411 435 3466 limacea
479 3406 527 3466 De
549 3406 714 3468 Thracibus
746 3410 795 3488 qui
828 3427 951 3488 corpora
983 3409 1062 3466 notis
1095 3425 1289 3486 compungere
1320 3405 1369 3466 vel

223 3518 345 3598 pingere
366 3513 498 3574 solebant
518 3523 595 3576 reeta
617 3517 680 3594 agit
701 3515 859 3593 Langeuus
881 3513 920 3574 ad
941 3513 973 3574 Il
1001 3516 1070 3575 150.
1117 3512 1265 3574 Ciceronis
1287 3515 1368 3574 testi·

223 3625 320 3683 monio
343 3624 487 3682 evincitur
509 3623 659 3683 Valerium
681 3642 742 3684 rem
764 3644 823 3683 non
845 3643 862 3683 e
883 3621 1014 3702 Vergilio
1037 3623 1235 3682 transtulisse:
1267 3628 1368 3680 contra

225 3731 371 3810 Vergilius
393 3731 466 3790 mihi
488 3731 605 3792 videtur
626 3751 687 3792 rem
719 3732 884 3792 aThracis
915 3739 966 3792 aut
988 3731 1152 3792 Brittannis
1183 3729 1367 3790 transtulisse

222 3841 253 3898 iu
275 3837 460 3918 Agathyrsos
481 3847 511 3900 et
533 3838 677 3915 Gelonos,
711 3839 748 3900 de
781 3840 887 3920 quibus
919 3839 993 3900 nihil
1023 3839 1162 3902 sciebant.
1208 3838 1268 3898 Hie
1299 3857 1362 3896 mos
1398 3873 1402 3882 ·

225 3945 373 4006 Thracum
394 3949 454 4006 iam
476 3947 514 4008 ab
535 3946 687 4008 Herodoto
710 3948 739 4009 V
763 3952 780 4008 6
804 3956 948 4008 narratur.

312 4081 413 4138 Tibiae
434 4097 461 4136 v.
485 4097 506 4136 s.
530 4077 658 4156 Myrace.

311 4207 386 4279 Tyra
408 4203 465 4282 (VI
488 4203 549 4282 84).
594 4203 684 4264 Recte
706 4203 843 4264 Valerius
865 4205 979 4283 'Pyram
1002 4203 1140 4282 Scythiae
1162 4203 1283 4263 fluvium
1307 4221 1365 4262 una

224 4332 289 4372 cum
312 4311 420 4392 oppido
437 4310 570 4392 Ophiusa
592 4321 804 4372 commemorat.
850 4312 1025 4392 Saepissime
1039 4311 1136 4390 Tyras
1158 4311 1265 4370 fluvius
1287 4307 1366 4391 apud

224 4425 378 4506 scriptores
405 4424 567 4500 insanitum
602 4429 699 4481 tamen
731 4419 921 4482 memorabile
954 4429 998 4480 est
1027 4440 1114 4500 quam
1143 4429 1206 4480 arta
1228 4418 1365 4480 Valerius
