3190 4956
721 254 760 324 ti

168 443 295 516 Peucini,
320 441 474 502 Basternae
495 461 583 516 capra
605 443 685 501 dietis
707 444 871 500 contermini
888 443 982 513 Dacis,
1006 446 1036 499 et
1057 433 1103 500 IV
1127 441 1165 499 81
1190 465 1209 501 a
1225 441 1310 503 Maro

167 552 230 632 (siae
254 556 353 610 Dario
382 561 421 610 est
448 573 466 609 a
495 553 592 610 Suebis
622 570 759 625 reqaoqae
794 551 945 608 Vaaaiareo
967 553 1099 609 dirimens
1128 550 1182 629 eos)
1214 573 1310 612 aversa

168 665 342 720 Bastarnaei
364 669 456 718 teneat
478 665 581 733 aliique
603 663 670 718 iride
690 661 833 718 Germani.
878 657 1041 738 Imperator
1056 657 1202 718 Traianus
1217 660 1312 720 Dacia

166 767 290 827 subacta
323 787 372 826 eos
403 765 520 845 longius
549 766 586 825 ad
609 767 843 847 septemtrionem
875 767 1015 840 removit,
1045 769 1088 825 ita
1110 775 1142 827 ut
1164 767 1239 827 Ptol.
1262 768 1312 830 ΠΙ

167 877 221 950 5η
246 873 346 936 dicere
367 878 459 956 possit
481 871 532 937 καὶ
555 871 627 958 ὑπὲρ
650 871 701 958 τὴν
727 871 838 936 Δακίαν
857 871 997 936 Πτοκίνοι
1018 895 1051 935 τε
1067 871 1117 936 καὶ
1134 871 1310 961 Βαστέρναι,

162 991 195 1044 ut
217 983 339 1043 Tabula
361 984 589 1062 Peutingeriana
611 1003 660 1043 eos
682 981 719 1041 ad
746 982 836 1063 Alpes
859 983 1046 1042 Bastarnicas
1068 992 1166 1064 ponat,
1189 993 1223 1045 ut
1243 985 1312 1045 Jor-

166 1092 256 1153 danes
280 1092 347 1153 Get.
370 1091 435 1152 XII
459 1095 499 1151 74
532 1091 612 1152 dicat
641 1097 720 1152 Haec
750 1095 843 1166 Getta,
877 1114 961 1167 qaam
992 1095 1113 1154 Daciam
1147 1101 1312 1168 αρροῑὶαοοττ

165 1209 295 1277 maiores,
319 1224 390 1278 qaae
411 1224 494 1277 meac,
517 1213 549 1261 at
571 1207 701 1275 diamur,
724 1205 845 1275 Gepidia
867 1205 979 1276 dicitur,
1003 1247 1136 1264 .....
1160 1226 1179 1262 a
1200 1215 1311 1279 septem·

164 1317 255 1372 trieres
288 1315 436 1372 Sarmatae
469 1323 494 1372 et
528 1317 683 1372 Basternae
714 1322 904 1388 seprepaotwr.
957 1311 1075 1372 Partem
1103 1313 1312 1376 Bastarnarum

165 1421 326 1501 imperator
359 1419 473 1479 Probus
505 1423 537 1479 in
569 1420 747 1495 Thraciam,
785 1440 861 1499 quae
897 1421 1009 1480 incolas
1045 1423 1190 1481 continuis
1227 1423 1313 1484 bellis

165 1549 306 1607 magnam
320 1537 433 1609 partem
451 1531 596 1604 amiserat,
619 1530 775 1604 transtulit,
798 1529 902 1592 Zosim.
918 1529 934 1588 I
952 1532 999 1589 71.
1037 1529 1114 1610 Vop.
1131 1529 1246 1591 Probus
1265 1536 1312 1596 18.

166 1636 282 1696 Horum
306 1637 515 1696 Bastarnarum
547 1638 704 1715 vestigium
737 1635 877 1696 habemus
907 1635 1058 1696 castellum
1083 1631 1253 1720 Βαστέρνας
1275 1638 1314 1698 ad

166 1745 341 1806 Danuvium
364 1749 458 1820 sitam,
480 1745 563 1804 Proc.
587 1743 731 1805 desedit.
755 1743 800 1803 IV
826 1749 874 1819 11,
896 1766 924 1826 p.
950 1746 1009 1805 307
1034 1745 1125 1808 Dind.

252 1854 347 1915 Vides
378 1854 434 1914 hae
465 1854 659 1934 descriptione
690 1854 841 1914 Valerium
874 1874 940 1913 cum
970 1854 1090 1935 reliquis
1123 1855 1313 1935 scriptoribus

166 1967 340 2026 consentire.
386 1965 433 2024 De
455 1973 585 2044 tempore
608 1985 665 2045 quo
690 1972 790 2023 auctor
812 1965 959 2044 scripserit
981 1961 1050 2024 inde
1072 1963 1146 2023 nihil
1176 1964 1313 2044 colligere

166 2093 342 2153 possumus,
377 2071 453 2154 quod
486 2072 647 2133 Bastarnae
679 2072 746 2132 inde
776 2069 813 2130 ab
846 2092 923 2130 anno
953 2092 978 2130 a.
1003 2071 1034 2131 0.
1052 2073 1114 2132 200
1149 2093 1239 2152 usque
1277 2073 1315 2132 ad

166 2191 292 2244 mortem
314 2182 427 2243 Valerii
450 2181 566 2243 easdem
588 2181 650 2244 fere
672 2179 755 2242 sedes
777 2179 932 2242 habebant.

254 2297 336 2352 Bessi
359 2291 403 2372 (ΙΙ
427 2291 508 2370 231).
553 2292 636 2352 Bessi
659 2290 805 2350 Thraciae
825 2309 898 2369 gens
922 2287 1005 2350 sedes
1034 2309 1192 2372 numquam
1221 2299 1314 2352 muta·

164 2408 280 2460 verunt.
326 2401 419 2460 Erant
441 2398 519 2459 haud
542 2397 644 2480 procul
667 2420 685 2457 a
707 2399 818 2473 Tomis,
841 2395 928 2459 ovid.
952 2397 1042 2458 Trist.
1065 2395 1110 2458 IV
1135 2403 1161 2475 1,
1176 2425 1212 2467 er.

301 2516 386 2570 oioere
409 2533 493 2586 qaam
514 2516 670 2569 miseramst
691 2513 764 2569 irater
788 2511 936 2582 Bessosqae
958 2510 1113 2583 Getasque!

168 2618 261 2680 Recte
286 2618 411 2679 Ovidius
440 2639 490 2680 eos
519 2639 577 2679 una
606 2639 670 2678 eum
695 2616 779 2678 Getis
808 2615 945 2696 appellat.
990 2615 1100 2677 Poetae
1122 2617 1229 2677 Bessos
1257 2638 1316 2680 non

166 2738 321 2803 noverunt,
352 2737 384 2788 ut
406 2728 498 2789 Getas
521 2737 572 2788 aut
594 2727 768 2808 Hyrcanos,
800 2746 851 2784 cur
873 2725 1030 2806 Antipater
1051 2724 1184 2786 Thessal.
1207 2727 1250 2808 (A
1281 2729 1315 2788 P.

167 2835 216 2896 IX
242 2837 319 2916 428)
342 2845 372 2898 et
394 2835 520 2898 Ovidius
543 2837 574 2918 (l.
598 2858 620 2896 c.
644 2837 735 2897 Trist.
759 2835 809 2895 ΙΠ
835 2838 882 2911 10,
898 2833 926 2918 5)
948 2855 998 2897 eos
1019 2845 1053 2895 ut
1077 2834 1216 2896 finitimos
1240 2858 1316 2898 com·

168 2955 331 3008 memorent
352 2966 437 3007 nemo
460 2966 518 3006 non
542 2945 640 3022 videt;
675 2945 812 3004 Lucanus
835 2945 861 3006 V
886 2947 946 3004 441
973 2965 1021 3005 eos
1043 2944 1143 3022 affert,
1178 2945 1256 3028 quod
1285 2949 1316 3006 in

168 3054 255 3116 bellis
287 3053 421 3116 Caesaris
456 3063 716 3115 commemorantur
747 3053 842 3134 (Caes.
873 3053 900 3114 b.
931 3075 953 3113 c.
977 3053 1027 3114 III
1050 3057 1084 3130 4,
1099 3053 1135 3135 a).
1181 3055 1318 3117 Valerius

169 3161 262 3237 igitur
293 3179 342 3220 eos
365 3180 402 3220 ex
433 3168 552 3220 auctore
584 3162 689 3239 petivit
718 3168 751 3218 ut
780 3158 853 3218 alias
875 3157 1023 3220 Thracum
1044 3169 1146 3238 gentes
1168 3159 1317 3238 Getarum,

169 3267 357 3343 Bisaltarum,
380 3267 571 3343 Corallorum,
595 3268 815 3329 Coelaletarum.
862 3269 961 3328 Etiam
991 3271 1200 3330 immanitatem
1230 3292 1317 3352 quam

173 3379 214 3438 eis
238 3377 397 3458 exprobrat
419 3399 477 3437 non
501 3376 538 3437 de
561 3398 613 3437 suo
637 3375 728 3452 addit,
753 3396 928 3457 quamquam
952 3376 1023 3436 talia
1041 3377 1170 3458 epitheta
1184 3377 1317 3439 barbaris

173 3486 310 3564 gentibus
332 3489 395 3547 sine
426 3507 513 3545 causa
543 3486 715 3546 tribuuntur.
761 3485 866 3546 Strabo
889 3506 918 3566 p.
937 3487 1018 3546 318:
1049 3475 1106 3545 εἶθ’
1130 3483 1158 3546 ol
1180 3481 1247 3570 περὶ
1268 3480 1317 3548 τὸν

177 3589 275 3679 Αἷμον
298 3591 350 3656 καὶ
372 3594 399 3656 οἱ
429 3591 502 3680 ὑπὲρ
532 3592 623 3657 αὐτοῦ
655 3592 802 3664 οἰκοῦντες
838 3591 925 3678 μέχρι
953 3599 1005 3655 τοῦ
1030 3591 1144 3656 Πόντου
1168 3588 1320 3679 Κόραλλοι

172 3700 223 3767 καὶ
248 3699 361 3766 Βέσσοι
390 3698 441 3765 καὶ
465 3700 592 3766 Μαίδων
624 3699 698 3774 τινὲς
728 3698 778 3764 καὶ
802 3699 1020 3787 hardel-prdit.
1061 3699 1166 3765 Πάντα
1190 3699 1242 3786 μὲν
1266 3702 1317 3767 οὖν

173 3814 265 3875 ταῦτα
288 3811 514 3897 λῃστρικώτατα
536 3809 626 3896 ἔθνη,
659 3805 770 3874 Βέσσον
794 3809 845 3890 δέ,
882 3805 965 3894 οἵπερ
988 3807 1021 3872 τὸ
1044 3808 1134 3875 πλέον
1158 3811 1208 3874 τοῦ
1232 3809 1318 3896 ὄρους

173 3920 310 4006 νέμονται
332 3923 384 3984 τοῦ
402 3917 509 4005 Αἵμου,
533 3917 582 3984 καὶ
608 3916 662 3983 ὑπὸ
686 3924 745 3983 τῶν
767 3921 885 4004 λῃστῶν
909 3915 1015 4004 λῃσταὶ
1039 3917 1318 4005 προσαγορεύονται,

172 4028 329 4116 καλοβῖταί
352 4053 426 4101 τινες
450 4026 498 4093 καὶ
522 4029 695 4116 λοπρόβιοι,
731 4027 924 4100 cardamate<
953 4031 991 4112 τῇ
1008 4020 1146 4114 Ῥοδόπρ
1177 4025 1228 4092 καὶ
1259 4031 1319 4101 τοῖς

178 4134 286 4204 Παίοσι
315 4136 366 4202 καὶ
399 4145 458 4203 τῶν
482 4139 631 4225 Ἰλλυριῶν
665 4141 726 4211 τοῖς
756 4163 788 4201 τε
811 4135 1010 4224 Αὖταριάταις
1040 4136 1090 4203 καὶ
1113 4139 1173 4210 τοῖς
1197 4136 1319 4224 Δαρδα-

175 4246 253 4321 νίοις.
300 4251 396 4311 Amm.
422 4249 546 4310 XXVII
570 4255 640 4326 4,11
664 4256 814 4326 imperator
837 4253 979 4326 Laealtas,
1015 4257 1064 4328 qai
1086 4272 1147 4310 cam
1169 4255 1319 4311 dwisamo

173 4369 250 4434 perite
273 4363 422 4420 Bessorum
444 4363 567 4433 constitit
590 4365 714 4420 amatam
739 4366 859 4435 primas.
905 4358 1026 4422 Graecis
1047 4360 1129 4421 Bessi
1159 4361 1320 4440 antiquitus

175 4469 237 4530 noti
260 4475 350 4545 erant,
383 4467 493 4530 Herod.
518 4467 580 4531 VH
606 4471 685 4545 111;
718 4465 886 4532 Herodotus
909 4477 1006 4532 autem
1028 4489 1078 4532 eos
1099 4489 1160 4530 non
1181 4470 1321 4532 immanes
