3190 4956
767 243 806 302 30

211 431 230 494 l.
245 433 293 495 XI
311 439 370 498 673
394 435 565 496 Amastrum
589 437 672 496 dixit.
718 437 809 496 Cuius
832 439 990 496 auctoritas
1015 457 1101 516 quam
1117 433 1252 495 Valerius
1268 435 1358 494 etiam

213 545 244 600 in
270 543 377 603 talibus
399 549 532 605 minutiis
555 549 637 624 sequi
660 546 733 605 solet
755 566 802 605 me
823 555 921 605 movet
950 555 983 603 ut
1013 549 1100 606 etiam
1129 547 1160 602 in
1183 543 1293 621 Argon.
1316 543 1360 602 VI

219 651 280 707 554
296 651 449 728 Belgicum
465 652 569 711 librum
593 671 724 710 servasse
748 650 862 710 credam
885 651 917 709 id
941 651 1018 730 quod
1041 671 1143 710 verum
1159 657 1231 709 est‘.
1269 652 1361 728 Fugit

211 757 402 837 Meynekium
436 781 495 819 non
527 758 649 819 eundem
672 761 816 818 hominem
840 759 1017 836 significari,
1050 759 1196 817 Amastris
1227 755 1360 834 Scythes,

212 864 366 925 Amastrus
382 866 544 946 Cyzicenus
567 875 617 926 est.
662 867 758 944 Igitur
772 867 933 926 Vaticanus
952 869 1082 930 servavit
1103 863 1134 922 id
1158 863 1235 944 quod
1258 883 1359 922 verum

214 981 265 1046 est,
289 982 319 1032 et
340 975 477 1034 Valerius
500 974 622 1034 alterum
644 994 751 1034 nomen
774 994 812 1034 ex
834 975 967 1052 Vergilio
990 973 1150 1053 desumpsit
1172 972 1294 1031 alterum
1317 989 1355 1030 ex

212 1083 330 1140 nomine
352 1081 452 1162 oppidi
474 1081 695 1162 Paphlagoniae
716 1081 809 1141 finxit.

297 1273 485 1356 Amazma1)
515 1277 573 1355 (VI
597 1277 679 1356 372).
724 1277 946 1356 Antiquissimis
981 1273 1158 1354 temporibus
1189 1271 1360 1332 Amazones

211 1381 249 1440 ad
271 1383 520 1444 Thermodontem
550 1385 670 1444 fluvium
701 1385 828 1444 incolere
857 1383 1008 1464 putabant,
1042 1382 1122 1442 velut
1144 1379 1253 1439 Herod.
1277 1379 1293 1438 Ι
1317 1383 1357 1438 27

213 1486 331 1551 ἔστιδὲ
360 1492 430 1574 ἡμῖν
453 1489 539 1574 ἔργον
563 1491 595 1553 εὖ
619 1489 687 1576 ἔχον
710 1488 759 1553 καί
782 1491 812 1562 ἐς
836 1487 1028 1575 Ἀμαζονίδας
1061 1486 1113 1559 τοίς
1149 1483 1206 1550 ἀπὸ
1230 1485 1359 1570 Θερμώ-

215 1598 314 1668 δοντος
337 1607 471 1683 ποταμοῦ
493 1597 679 1684 ἐσβαλούσας
702 1597 770 1662 κοτὲ
792 1601 822 1671 ἐς
845 1605 900 1683 γῆν
923 1597 975 1682 τὴν
994 1595 1131 1681 Ἀττικήν.
1177 1597 1261 1672 Quae
1279 1599 1359 1675 regio

215 1716 370 1787 postquam
399 1712 495 1768 notior
524 1709 601 1768 facta
633 1719 677 1769 est
699 1710 864 1770 Amazones
894 1713 924 1768 in
956 1709 1137 1768 obscuriores
1159 1709 1293 1783 regiones
1316 1725 1359 1766 re·

216 1824 312 1876 motae
334 1826 408 1876 sunt.
454 1817 545 1878 Cuius
567 1823 609 1878 rei
632 1822 756 1899 primum
779 1822 938 1898 vestigium
960 1819 1123 1878 invenimus
1145 1819 1176 1874 in
1209 1815 1358 1894 epitaphio

215 1922 423 1984 Demosthenis
446 1932 461 1998 ξ
484 1929 501 1984 6
526 1921 575 1985 καί
604 1921 661 2008 γὰρ
693 1923 742 1988 τὸν
766 1921 934 2008 Ἀμαζόνων
967 1921 1090 2008 στρατὸν
1121 1923 1236 1987 ἐλθόντ’
1269 1919 1360 2008 ἐκρά-

209 2052 303 2114 τησαν
327 2030 421 2104 οὕτως
445 2035 522 2095 ὥστε
545 2032 602 2104 ἔξω
627 2031 759 2105 Φάσιδος
783 2035 926 2120 ἐκβαλεῖν.
973 2035 1074 2094 Novas
1101 2035 1242 2094 firmiores
1272 2033 1356 2094 sedes

211 2141 407 2220 Theophanes
429 2144 626 2222 Mytilenaeus
650 2147 691 2203 eis
714 2143 856 2204 adtribuit
877 2163 998 2202 narrans
1021 2143 1162 2222 Pompeio
1185 2147 1216 2202 in
1245 2141 1357 2223 proelio

210 2260 311 2309 contra
333 2251 467 2312 Albanos
489 2254 566 2313 facto
599 2275 663 2314 cum
684 2254 886 2314 Amazonibus
920 2252 1109 2333 pugnandum
1140 2253 1248 2326 fuisse,
1280 2253 1357 2312 Plut.

210 2359 311 2438 Pomp.
337 2357 420 2436 352).
465 2362 539 2422 Inde
561 2384 579 2421 a
601 2363 784 2444 Theophane
807 2362 955 2422 Caucasus
985 2364 1083 2442 patria
1102 2361 1283 2421 Amazonum
1306 2382 1358 2442 per

211 2477 303 2528 totam
317 2473 521 2550 antiquitatem
545 2481 612 2532 erat.
658 2472 732 2533 Stat.
755 2473 848 2533 Theb.
872 2472 917 2530 IV
942 2474 1020 2531 394:
1044 2482 1124 2530 troas
1147 2481 1172 2530 et
1194 2477 1357 2532 Amazoniis

212 2582 350 2638 adulatum
375 2581 518 2639 Caucason
540 2586 633 2641 armis.
679 2581 797 2640 MelaI
823 2582 870 2654 19,
897 2582 955 2638 109
987 2589 1090 2638 montes
1114 2625 1119 2635 .
1146 2625 1151 2636 .
1177 2624 1182 2635 .
1209 2624 1214 2636 .
1239 2584 1287 2653 qui
1317 2585 1357 2637 ai-

120 2677 122 2680 ’
212 2697 273 2746 tera
295 2694 327 2747 ia
351 2692 483 2763 Caspium
501 2696 619 2766 peiapus
639 2697 742 2751 obversi
766 2694 889 2750 Cerauni
911 2694 1053 2761 aiamim,
1076 2692 1148 2746 idem
1170 2693 1259 2747 aliubi
1282 2693 1357 2746 Tau·

214 2801 276 2870 rici,
309 2801 423 2872 Moschi,
456 2805 626 2873 Amazoaici,
658 2804 760 2874 Caspii,
796 2802 929 2873 Gareatai,
963 2801 1099 2870 Caucasii,
1133 2807 1157 2856 et
1180 2803 1244 2857 aliis
1267 2803 1359 2858 aliisi-e

209 2910 329 2979 adpositi
358 2913 485 2983 pentibus
516 2916 558 2969 ita
590 2915 652 2968 aiiis
686 2914 801 2983 aliisque
832 2913 898 2969 dieti
936 2912 1102 2968 nominibus.
1147 2905 1223 2964 Plin.
1248 2907 1293 2966 VI
1316 2910 1356 2966 35

208 3020 284 3072 abra
307 3038 350 3076 eos
368 3023 454 3091 plane
477 3026 534 3079 iam
556 3023 679 3096 Scythae,
705 3021 854 3092 Oinsmerii,
881 3021 959 3092 Cissi,
981 3023 1078 3092 nutat,
1096 3021 1206 3091 Geupt,
1231 3022 1355 3075 etAma-

208 3142 307 3183 nouum
329 3147 401 3200 pem.
448 3132 527 3187 Haec
547 3149 633 3203 usque
656 3133 693 3188 ad
716 3132 847 3203 Caspium
870 3139 895 3186 st
909 3133 1086 3204 Hyrcauium
1109 3147 1193 3186 mam.
1240 3126 1355 3186 Arrian.

210 3233 292 3292 anab.
316 3235 361 3293 IV
387 3238 476 3310 15,4
507 3231 621 3320 ἔφασκε
650 3233 682 3298 δὲ
713 3222 957 3320 δ’Φαρασμοίνης
985 3235 1014 3316 (δ
1039 3231 1233 3318 Χορασμίων
1264 3233 1355 3317 βασι-

211 3338 292 3421 λεύς)
322 3341 429 3427 ὅμορος
464 3344 554 3408 οἰκεῖν
583 3344 631 3431 aqi
659 3369 691 3408 τε
714 3341 843 3431 Κόλχων
875 3345 953 3428 γένει
975 3342 1026 3408 καί
1059 3345 1122 3414 ταῖς
1145 3339 1258 3424 γυναιξί
1290 3342 1354 3413 ταῖς

213 3447 370 3532 Ἀμαζόσι.
417 3454 538 3515 Nonnos
562 3460 611 3532 40,
637 3459 676 3515 24
701 3453 772 3518 εἰσίν
795 3448 992 3539 Ἀμαζονίδες
1015 3450 1080 3537 περί
1105 3448 1274 3526 Καύκασον,
1299 3451 1356 3513 ὁτ-

214 3558 286 3621 πόδι
320 3561 427 3624 πολλαί
456 3563 609 3649 χειροβίης
641 3563 714 3626 πολὺ
749 3566 859 3648 μᾶλλον
893 3562 1080 3648 ἀριστεύουσι
1110 3563 1244 3643 γυναῖκες
1270 3556 1356 3622 Καυ-

211 3669 342 3742 νιασίδες.
381 3674 466 3732 Mart.
484 3672 554 3753 Cap.
571 3673 616 3732 VI
634 3675 703 3732 665.
741 3672 834 3732 Liber·
845 3681 970 3751 generat.
987 3693 1015 3751 p.
1036 3667 1104 3729 141³
1118 3672 1166 3729 Fr.
1180 3668 1254 3727 Tab.
1271 3669 1354 3728 Peut.

211 3778 313 3855 IXsX.
359 3780 492 3839 Lactant.
516 3782 547 3838 in
571 3778 643 3838 Stat.
667 3779 760 3840 Theb.
784 3780 833 3838 III
858 3781 929 3839 252.
976 3777 1123 3837 Jordenes
1146 3776 1211 3837 Get.
1226 3777 1286 3837 VH
1307 3780 1355 3836 51.

205 4076 339 4154 Ἄμηστρις
357 4079 443 4136 Persa
464 4097 543 4150 quem
562 4079 713 4152 Aeschylus
733 4079 807 4136 Pers.
829 4085 881 4138 320
900 4079 979 4136 finxit
1004 4079 1039 4144 ab
1068 4081 1169 4152 oppido
1197 4081 1354 4140 Amastride

207 4169 287 4226 fictus
306 4178 355 4227 est.
394 4172 502 4228 Littera
520 4195 536 4247 η
557 4191 607 4244 pro
627 4174 648 4228 Ξ
665 4174 757 4243 posita
776 4190 825 4228 nos
845 4173 925 4228 docet
945 4178 1085 4228 auctorem
1105 4175 1162 4228 eius
1176 4175 1273 4230 Jonem
1285 4192 1353 4242 esse,

207 4261 327 4320 fortasse
345 4265 520 4320 Hecataeum.

284 4359 310 4427 1)
330 4355 371 4412 ef.
391 4357 528 4414 (iraefium
548 4373 591 4430 ap.
612 4357 792 4431 Pauly-Wiss.
813 4374 838 4428 p.
861 4359 929 4414 1755
949 4375 969 4413 s.

281 4451 310 4522 2)
330 4447 370 4506 ef.
390 4450 467 4506 K..J.
488 4451 639 4522 Neumann,
659 4451 792 4508 Strabone
813 4451 926 4521 Quellen
944 4451 981 4506 im
1000 4451 1046 4507 xl.
1066 4451 1151 4520 Raab,
1170 4469 1196 4522 p.
1217 4455 1259 4510 29.
