3190 4956
787 199 827 258 42

226 367 343 432 Forma
355 374 633 434 nominis'variatur
655 373 734 453 a'pud
756 378 928 454 scriptores;
942 395 944 398 ·
959 375 1064 436 Hecat.
1088 374 1132 436 fr(
1149 380 1207 438 166
1233 371 1374 463 ἿΕιβᾶται

226 482 317 562 (apud
339 483 419 542 StB
442 472 604 565 Ἰξιβάτοιι),
627 481 764 560 Ephorus
788 481 879 562 (apud
902 480 981 546 St.B
1005 479 1187 568 Ἰαζαβάται,
1211 485 1372 566 Scymnum

227 594 307 666 880,
340 590 409 652 inde
434 590 530 650 Anon.
559 609 617 669 per.
642 590 696 670 45)
725 590 891 650 Demetrius
920 589 993 652 call.
1023 592 1056 652 fr.
1083 598 1097 652 1
1134 593 1226 674 (apud
1248 592 1366 674 Scymu

226 695 303 780 879)
326 698 402 757 Ptol.
426 697 455 757 V
479 699 506 772 9,
531 697 569 756 15
594 692 773 778 Ἰαξαμάται,
796 697 874 758 Mela
896 697 912 756 Ι
938 701 986 774 19,
1013 701 1073 758 114
1096 699 1282 776 Jaxamatae‚
1309 702 1368 762 Pc-

223 806 319 886 lyaen.
342 805 422 866 VIII
446 805 484 864 55
519 800 682 886 Ἰξομάται,
713 803 810 864 Amm.
834 805 932 866 XXII
955 810 990 882 8,
1014 809 1052 867 31
1079 807 1257 868 Jaxamatae
1279 809 1292 888 (
1314 855 1320 869 .
1343 811 1365 874 l.

222 912 395 992 Ixomatae),
418 913 465 972 Et.
489 905 530 971 M.
555 930 578 970 s.
601 930 628 970 v,
648 903 806 992 Ἡρακλῆς
829 906 978 995 Ἰξιβάτης.
1023 913 1160 974 Valerius
1192 919 1255 977 sine
1278 917 1368 979 dubio

224 1023 347 1083 formam
368 1022 441 1082 bene
463 1023 600 1094 servavit,
631 1023 802 1100 praesertim
825 1039 890 1080 cum
912 1021 1081 1101 Polyaenus
1101 1031 1131 1082 ct
1151 1023 1275 1085 fortasse
1297 1025 1369 1085 Am-

224 1135 338 1192 mianus
368 1130 470 1192 eadem
505 1129 566 1190 fere
596 1129 690 1189 forma
722 1138 841 1190 utantur
851 1127 884 1204 ¹).
927 1131 975 1192 De
997 1135 1056 1192 situ
1077 1133 1288 1194 Exomatorum
1309 1153 1370 1194 non

226 1243 364 1302 convenit
394 1243 471 1299 inter
502 1239 663 1318 scriptores.
715 1237 795 1298 Mela
829 1245 857 1298 et
880 1238 1067 1300 Ptolemaeus
1104 1259 1155 1300 eos
1187 1240 1226 1300 ad
1257 1241 1369 1302 Tanais

225 1351 331 1408 ostium
354 1346 479 1407 australe
501 1353 622 1426 ponunt,
646 1343 780 1405 Valerius
803 1345 841 1404 ad
855 1346 1009 1426 Hypanim
1031 1347 1131 1428 (quem
1152 1347 1242 1410 hodie
1255 1350 1367 1410 Kuban

225 1456 374 1536 vocamus)
397 1459 525 1534 itemque
536 1455 703 1515 Hecataeus
725 1453 825 1515 dicens
848 1451 986 1538 Ἰξιβάται
1007 1451 1091 1526 ἔθνος
1107 1452 1178 1540 πρὸς
1194 1463 1237 1541 τῷ
1255 1455 1362 1542 Πόντῳ

226 1559 371 1648 προσεχές
398 1569 436 1645 τῇ
458 1559 589 1644 Σικδικῇ.
634 1561 725 1622 Utres
756 1561 936 1642 sequendum
968 1565 1007 1622 sit
1038 1561 1135 1623 dicere
1164 1584 1224 1624 non
1254 1563 1368 1642 aude03

225 1673 369 1735 Hecataei
400 1673 566 1731 testimonio
594 1670 734 1749 probatur
760 1669 836 1729 illud
867 1670 944 1750 quod
967 1669 1046 1750 apud
1068 1671 1219 1732 Valerium
1241 1672 1366 1750 legimus

226 1802 284 1841 non
317 1780 355 1840 ab
387 1784 451 1860 ipso
485 1783 638 1839 inventum
667 1797 739 1840 esee.
785 1778 926 1840 Videmus
958 1787 1056 1840 autem
1077 1779 1190 1840 Valerii
1222 1789 1250 1840 et
1270 1775 1374 1842 Melae¹

226 1897 373 1950 auctorem
395 1909 454 1948 non
475 1886 600 1948 eundem
621 1907 691 1948 esse.
735 1886 940 1948 Audacissime
954 1887 1170 1948 Miillenhoffius
1195 1889 1255 1968 (HI
1273 1909 1300 1969 p.
1315 1891 1371 1968 39)

226 2001 349 2060 coniecit
379 2018 416 2058 cx
444 1998 613 2059 Jaxamatis
636 1998 767 2078 Jazyges
800 2006 878 2057 ortos
911 2016 993 2075 esse;
1027 1997 1187 2057 similitudo
1219 2001 1369 2058 nominum

225 2111 349 2168 nonita
371 2126 479 2184 magna
499 2127 559 2166 non
581 2106 688 2166 sufficit
710 2114 743 2166 ut
774 2105 833 2165 tale
865 2113 1041 2182 statuamus3
1076 2106 1178 2167 ecdem
1206 2110 1268 2167 iure
1302 2127 1369 2166 con·

225 2214 328 2276 tendas
350 2215 482 2294 Jazygcs
505 2235 543 2275 ex
564 2215 656 2294 Zygis
677 2221 755 2272 ortos
787 2232 856 2286 esse,
890 2233 962 2292 quos
984 2213 1133 2274 Diodorus
1156 2219 1206 2290 40,
1230 2219 1249 2274 4
1273 2212 1368 2284 'lodu-

226 2316 297 2402 γοὺς
330 2321 466 2402 appellat.
518 2318 686 2381 Similitudo
725 2321 874 2378 evanescit
910 2321 1050 2396 cogitanti
1083 2320 1206 2380 formam
1242 2324 1369 2380 nominis

227 2451 301 2512 quae
324 2430 336 2500 ξ
360 2433 488 2492 continet
509 2429 602 2490 multo
631 2428 735 2488 melius
764 2426 904 2486 traditam
936 2446 998 2488 esee
1026 2449 1113 2508 quam
1144 2448 1218 2510 quae
1242 2430 1275 2505 ζ,
1310 2433 1368 2490 nisi

223 2540 299 2602 forte
320 2540 373 2600 illa
394 2540 488 2600 forma
509 2559 569 2598 una
590 2557 660 2597 vera
682 2543 732 2596 est.
777 2534 917 2596 Miillenh.
940 2557 969 2616 p.
995 2538 1064 2596 111).
1092 2540 1160 2597 117.

311 2651 410 2710 Minus
440 2648 499 2710 fide
529 2647 619 2726 digna
650 2653 718 2704 sunt
747 2663 823 2723 quae
844 2644 981 2705 Valerius
1010 2645 1047 2706 de
1069 2647 1280 2706 Exomatarum
1306 2650 1369 2707 vita

224 2759 333 2822 tradit:
356 2762 437 2838 genti
459 2765 568 2818 venatu
582 2757 694 2814 viventi
709 2753 919 2812 Exomatarum
940 2754 1012 2814 fines
1034 2759 1152 2832 angusti
1174 2764 1249 2830 sunt,
1272 2775 1368 2836 neque

223 2891 360 2953 umquam
381 2869 449 2928 talis
471 2885 543 2944 gens
565 2866 647 2942 equis
668 2861 786 2940 pollet
811 2861 1022 2923 Elxomatarum
1044 2864 1116 2924 fines
1140 2885 1212 2945 quos
1230 2865 1367 2926 Valerius

224 2977 363 3040 describit
395 2973 540 3054 equitibus
569 2991 672 3050 parum
703 2973 765 3050 apti
796 2979 880 3046 sunt,
911 2995 939 3032 v.
971 2975 1059 3032 situm
1090 2973 1237 3054 depictum
1265 2977 1297 3033 in
1326 2978 1370 3036 in-

224 3087 415 3164 scriptionum
448 3082 535 3138 Ponti
566 3079 676 3138 Euxini
710 3080 867 3141 volumine.
919 3082 1081 3142 Exomatas
1118 3091 1228 3144 venatu
1265 3087 1366 3144 vivere

227 3189 375 3254 transtulit
397 3187 435 3246 ab
458 3185 524 3245 aliis
545 3189 577 3244 in
600 3185 812 3268 chorographia
843 3209 895 3248 sua
926 3189 1079 3270 descriptis
1108 3191 1254 3270 gentibue,
1288 3191 1375 3273 haud·

226 3303 286 3361 scio
321 3317 359 3356 an
393 3315 411 3353 a
439 3294 641 3374 Thyssagetis,
673 3295 710 3357 de
743 3297 849 3378 quibus
882 3299 991 3359 Herod.
1016 3300 1062 3360 IV
1086 3303 1141 3359 22:
1178 3297 1368 3381 Θυσσαγέται

225 3405 309 3475 ἔθνος
332 3397 440 3464 πολλὸν
461 3398 511 3463 καὶ
534 3400 620 3468 ἴδιον.
658 3407 733 3474 ζῶσι
757 3402 789 3466 δέ
813 3403 871 3468 ἀπὸ
896 3405 1001 3491 θήρης.
1038 3405 1159 3492 συνεχὲς
1186 3395 1219 3470 δέ
1236 3407 1376 3477 τούτοισι·

224 3515 255 3577 ἐν
285 3510 360 3574 τοῖσι
395 3507 511 3572 αὐτοῖσι
539 3511 654 3575 τόποισι
683 3512 892 3598 κατοικημένοι
925 3513 983 3580 εἰσὶ
1013 3515 1089 3580 τοῖσι
1117 3512 1230 3600 οὔνομα
1264 3516 1367 3586 κέεται

225 3619 343 3703 Ἰύρκαι,
373 3613 424 3678 καὶ
456 3615 537 3681 οὖτοι
566 3617 624 3682 ἀπὸ
649 3619 746 3705 θήρης
771 3624 888 3694 ζῶντες.
911 3603 1087 3704 ’,0113111111
1111 3627 1253 3688 clarorum
1275 3648 1364 3708 equo·

223 3751 287 3790 rum
310 3727 398 3786 aliam
420 3746 483 3789 esse
504 3732 557 3790 vix
580 3739 685 3812 putem.

233 3845 241 3914 J
309 3844 486 3916 conparata
508 3839 567 3919 (VI
591 3838 649 3920 67).
695 3841 789 3901 Multa
820 3845 913 3920 magis
943 3845 1075 3903 minusve
1105 3843 1270 3922 probabilia
1299 3865 1368 3910 con·

222 3949 299 4006 iacta
321 3957 389 4008 sunt
410 3971 428 4008 a
449 3951 521 4008 viris
543 3948 637 4009 doctis
659 3957 692 4009 ut
714 3949 903 4028 Gangaridae
925 3969 962 4010 cx
979 3951 1090 4010 Valerii
1118 3951 1252 4028 catalogo
1282 3951 1366 4012 tolle·

233 4087 511 4098 ———.—--—

294 4189 320 4256 1)
338 4185 414 4241 Haec
439 4187 529 4242 forma
548 4187 649 4244 Latina
675 4193 702 4243 et
728 4204 762 4243 ex
782 4203 814 4242 ea
840 4191 972 4255 quaeest
992 4187 1161 4244 Jacomatac
1180 4187 1288 4245 videtur
1307 4189 1364 4244 for·

221 4280 296 4329 mata
315 4291 388 4348 esse3
413 4292 476 4330 nam
499 4277 528 4331 in
554 4293 602 4332 ore
620 4278 783 4332 Latinorum
806 4278 908 4332 vocalis
934 4294 951 4332 a
970 4283 1033 4332 ante
1051 4278 1180 4333 labialem
1198 4279 1281 4348 facilc
1300 4280 1328 4333 in
1348 4295 1364 4349 o

222 4368 300 4457 abit
326 4367 366 4456 (if.
386 4369 759 4459 Schuchardt-(Vocalismus
778 4370 826 4426 des
846 4370 1209 4480 11Ᾰι11ρ11111α1οἰοο)1111173ὴ
1229 4389 1263 4456 ρ..Δ
1281 4449 1291 4455 ..
