3190 4956
788 239 827 310 50

232 404 371 508 ἐκβολῆς,
395 417 434 486 ὧν
460 407 588 508 ὁὯχος
611 419 663 485 καὶ
687 419 735 484 διὰ
758 427 811 505 τῆς
828 416 966 504 Νησαίας
991 417 1042 501 ῥεῖ,
1066 415 1138 481 ἔνιοι
1162 415 1195 480 δὲ
1216 413 1264 482 τὸν
1282 400 1381 504 Ὦχον

233 531 274 603 εἰς
297 528 345 596 τὸν
376 522 464 602 Ὦξον
488 531 646 618 ἐμβάλλειν
672 530 761 616 φασίν
786 579 899 594 ......
932 525 965 592 οἰ)
989 526 1065 591 πάνυ
1097 525 1130 590 δὲ
1153 525 1209 590 ὑπὸ
1231 533 1290 592 τῶν
1319 553 1380 591 πα-

234 641 325 704 λαιῶν
350 629 490 725 άὮχος,
503 640 690 726 ὀνομάζεται.
736 642 841 702 Utrum
857 643 997 718 originem
1019 639 1216 720 praeferamus
1237 643 1380 700 incertum

231 758 281 826 est,
304 771 368 810 cum
390 759 513 830 utraque
536 753 646 830 pariter
669 750 834 810 verisimilis
858 751 903 807 sit.

320 861 421 915 Parthi
444 856 502 934 (VI
516 857 590 935 691)
641 855 768 914 Parthos
782 855 905 914 fortasse
928 873 964 914 ex
981 852 1194 932 chorographia
1216 851 1378 934 desumpsit

229 963 381 1039 Valerius,
413 963 490 1044 quod
521 985 578 1023 non
611 984 733 1043 regnum
765 963 940 1023 Parthorum
972 962 1025 1022 sed
1055 971 1171 1042 gentem
1201 959 1378 1022 Parthorum

230 1073 394 1150 significare
417 1071 542 1135 videtur.

320 1183 420 1239 Phasis
442 1178 602 1240 Phasidem
625 1200 662 1240 ex
690 1179 845 1260 Apollonio
868 1178 1042 1240 translatum
1057 1179 1194 1239 Valerius
1217 1198 1254 1238 ex
1277 1178 1376 1237 choro·

229 1286 354 1368 graphia
386 1291 549 1348 accuratius
572 1288 719 1353 describit.
744 1291 793 1350 ΙΙΙ
818 1293 876 1350 501
901 1289 1059 1348 Phasidem
1093 1309 1177 1369 quem
1200 1288 1377 1369 Apollonius

229 1398 346 1476 saepius
369 1391 454 1478 edpda
478 1397 623 1477 appellat,
646 1399 737 1457 altum
759 1406 854 1457 vocat.
899 1397 935 1456 Id
958 1418 1015 1456 non
1047 1401 1133 1456 inane
1157 1398 1305 1476 epitheton
1333 1405 1378 1456 est

229 1510 261 1560 ut
284 1498 379 1584 εὐρύς,
403 1499 455 1562 scd
476 1506 578 1581 paucis
609 1504 681 1563 locis
703 1504 810 1584 quibus
833 1504 942 1582 legitur
963 1523 1079 1584 semper
1107 1503 1255 1580 significat
1278 1502 1377 1561 altitu-

230 1608 327 1669 dinem
351 1609 433 1668 fluvii
465 1613 646 1690 exploratam
670 1621 721 1672 aut
742 1613 844 1672 utilem
867 1612 905 1671 ad
927 1610 1039 1692 aliquid
1069 1621 1121 1671 arat
1142 1612 1272 1672 inutilem
1307 1630 1376 1671 esse.

229 1717 297 1798 lpse
329 1717 436 1777 Phasis
464 1716 650 1799 praedicatur
671 1725 732 1776 tam
755 1717 833 1776 altus
863 1736 925 1777 esse
947 1725 980 1776 ut
1014 1738 1136 1795 magnas
1157 1737 1248 1778 naves
1278 1715 1375 1776 vehat.

228 1824 304 1884 Plin.
327 1824 373 1884 VI
399 1829 437 1885 13
461 1832 681 1902 clarissa‘masqac
706 1816 790 1886 Ponti
814 1830 922 1886 Phasis.
972 1830 1072 1887 Oritur
1093 1834 1124 1886 ιἰι
1147 1831 1273 1901 Moschis,
1296 1831 1374 1886 anai·

226 1942 312 2010 potam
334 1940 483 2010 paenalibet
504 1941 616 2011 mapale
637 1942 757 2010 nauplio
779 1939 958 1994 XXXVIII
976 1940 1042 1994 MD
1060 1957 1212 2010 pascuam,
1236 1938 1300 1997 inde
1322 1942 1374 1995 mi-

226 2047 341 2104 unicas
368 2049 449 2120 lonpo
478 2051 576 2120 spatio.
623 2044 728 2104 Strabo
764 2048 826 2105 498
858 2043 874 2104 ὁ
910 2042 1019 2117 Φᾶσις,
1053 2042 1145 2128 μέγας
1178 2040 1312 2126 ποταμὸς
1344 2042 1374 2113 ἐξ

228 2145 376 2235 Ἀρμενίας
408 2148 460 2224 τὰς
484 2148 579 2238 ἀρχάς
603 2149 682 2238 ἔχων
806 2152 980 2216 ἀναπλεῖται
1011 2150 1043 2214 δὲ
1068 2152 1155 2238 μέχρι
1188 2150 1373 2239 Σαραπανῶν

228 2255 383 2344 ἐρύματος.
409 2262 443 2323 cf.
466 2283 494 2344 p.
518 2266 586 2324 500.
633 2262 774 2323 Similiter
796 2263 933 2323 Valerius
956 2264 1001 2323 IV
1026 2267 1086 2322 616
1111 2285 1170 2323 non
1200 2267 1263 2323 sine
1285 2283 1373 2323 causa

226 2367 385 2432 Phocidem
401 2370 534 2452 rapidum
551 2370 688 2450 appellat,
711 2369 816 2429 Strabo
835 2371 896 2428 500
914 2367 928 2429 ὁ
944 2365 1043 2439 Φᾶσις
1068 2417 1118 2430 .,.
1143 2368 1284 2454 καταῤῥεῖ
1298 2391 1371 2454 τρα-

226 2474 281 2566 χὺς
312 2475 362 2544 κοιλ
396 2476 490 2566 βίαιος
520 2477 560 2550 εἰς
591 2476 644 2563 τὴν
675 2473 831 2562 Κολχίδα,
861 2478 980 2550 πολλοῖς
1008 2478 1182 2564 χειμαῤῥοῖς
1211 2475 1287 2542 κατά
1318 2474 1372 2549 τάς

229 2585 391 2674 ἰπυμβμίας
416 2585 704 2674 ἐκχαμαδμουμένυνν
726 2593 784 2650 τῶν
816 2586 924 2664 τόπων,
947 2591 1082 2669 γεννᾶται
1113 2585 1175 2650 δ’ἐκ
1197 2593 1257 2650 τῶν
1281 2585 1372 2671 ὑπερ-

228 2695 371 2782 κειμένων
407 2695 484 2782 ὀμῶν
518 2697 641 2767 πολλαῖς
677 2694 939 2780 συμπληρούμενος
968 2697 1077 2781 πηγαῖς
1111 2721 1135 2760 κ.
1150 2720 1175 2761 τ.
1189 2698 1215 2758 λ.
1262 2699 1373 2760 Seneca

225 2805 302 2870 Med.
329 2810 389 2868 767
425 2813 538 2868 uiolenta
570 2812 670 2867 Phocis
698 2814 777 2866 vertit
807 2814 839 2866 ιἰι
867 2814 970 2881 fontem
996 2813 1076 2869 ouda.
1121 2809 1150 2868 V
1176 2811 1234 2868 179
1268 2806 1370 2868 credes

226 2917 376 2998 epitheton
400 2939 518 2992 muyans
541 2918 703 2975 versionem
727 2913 832 2975 Graeci
856 2916 991 2975 vocabuli
1014 2913 1099 3000 εὐρύς
1122 2936 1195 2993 esse3
1224 2916 1276 2977 sed
1298 2922 1372 2977 lotas

226 3028 366 3086 usitatum
390 3025 539 3104 epitheton
562 3024 715 3082 fluviorum
739 3034 795 3095 est,
818 3033 847 3084 et
869 3026 1099 3104 magnitudinem
1122 3025 1260 3085 Phasidis
1283 3029 1371 3107 scrip-

226 3142 304 3194 tores
329 3131 466 3208 laudant3
489 3132 524 3191 cf.
548 3132 622 3190 Plin.
643 3133 660 3192 l.
678 3154 700 3192 c.
725 3133 830 3195 Strabo
854 3135 871 3193 l.
896 3155 918 3194 c.
943 3133 958 3194 ὁ
982 3134 1087 3210 Φᾶσις,
1113 3132 1204 3216 μέγας
1228 3134 1369 3217 ποταμός.

224 3241 344 3300 Aristot.
379 3249 494 3300 meteor.
518 3242 531 3300 l
559 3245 607 3317 13,
617 3269 642 3310 ιι
679 3240 711 3302 ἐκ
746 3238 778 3303 δὲ
810 3245 861 3304 τοῦ
895 3238 1057 3306 Καυκάσου
1092 3241 1177 3305 ἄλλοι
1208 3265 1239 3305 τε
1270 3241 1369 3327 ῥέουσι

223 3342 326 3410 πολλοὶ
358 3342 409 3409 καὶ
436 3343 512 3409 κατά
542 3347 659 3431 πλῆθος
682 3347 731 3410 καὶ
758 3344 834 3410 κατά
865 3348 991 3431 μέγεθος
1023 3347 1254 3434 ὑπερβάλλοντες
1278 3346 1369 3412 καὶὸ

225 3454 330 3526 Φᾶσις.
377 3456 491 3516 Harum
521 3477 615 3518 rerum
646 3479 788 3520 consensu
818 3462 975 3520 auctoritas
1006 3461 1234 3541 chorographiae
1257 3460 1370 3520 Valerii

224 3566 402 3644 perspicitur.

311 3674 500 3730 Proconnesus
540 3671 601 3750 (III
633 3673 694 3752 34).
739 3673 848 3732 Forma
881 3695 955 3754 quae
990 3684 1033 3736 est
1063 3679 1210 3738 Ριοοαιυου
1238 3677 1368 3736 imitatur

221 3787 308 3860 poeta
330 3778 519 3858 Apollonium
544 3783 592 3862 qui
615 3778 769 3868 Χέμνησος
792 3784 880 3844 finxit
901 3785 918 3844 I
942 3787 1002 3845 925
1026 3785 1069 3847 IV
1096 3783 1221 3865 11751).

220 3887 421 3948 Proconnesus
455 3889 533 3968 apud
563 3891 749 3972 Apollonium
784 3915 842 3953 non
875 3894 984 3972 legitur
1016 3894 1191 3976 videturque
1225 3913 1262 3954 ex
1297 3892 1367 3953 cho-

220 3997 377 4077 rographia
406 3998 540 4078 suppleta
563 4019 633 4062 esse.
680 4001 737 4062 Per
767 4022 798 4062 se
819 4003 881 4062 fieri
905 4013 1014 4083 potest,
1044 4013 1077 4063 ut
1098 4004 1299 4064 Proconnesus
1329 4022 1368 4062 ex

221 4106 287 4165 aliis
304 4107 512 4184 Argonauticis
542 4119 592 4168 aut
615 4130 650 4170 ex
673 4111 761 4170 schol.
785 4111 842 4192 Ap.
866 4110 921 4171 Rh.
945 4111 977 4170 II
1002 4112 1062 4172 279
1087 4121 1203 4192 sumpta
1224 4116 1271 4172 sit.
1317 4113 1367 4172 Me

219 4224 319 4277 movet
342 4214 498 4298 descriptio
521 4217 602 4278 fluvii
624 4217 780 4299 Rhyndaci
799 4223 929 4300 sequenti
953 4239 1040 4281 versu
1064 4220 1162 4298 allata,
1186 4243 1244 4302 qua
1265 4220 1367 4302 Rhyn-

292 4438 318 4508 1)
338 4438 372 4496 cf.
392 4441 457 4510 Leo,
477 4441 598 4512 (ltitting.
618 4439 669 4512 gel.
689 4442 757 4500 Ana.
779 4443 855 4500 1897.
