3190 4956
804 230 844 288 27

253 397 364 458 Valerii
396 420 472 460 anno
501 422 529 480 p.
546 398 612 460 (thr.
627 399 667 458 50
700 420 759 460 non
789 399 880 460 marito
910 401 1118 481 antiquiorem,
1150 399 1274 458 tortasse
1307 399 1395 488 etiam

251 511 440 588 posteriorem
463 528 525 568 esse
547 509 749 586 intellegimus.

343 615 486 676 Videntur
505 621 659 699 scriptores
681 621 757 678 inter
778 637 809 678 se
832 617 981 678 discordes
1004 638 1074 694 esse,
1097 639 1163 677 cum
1185 617 1271 676 alteri
1285 616 1398 676 Alanos

254 725 293 786 ad
315 725 450 792 Histrum
473 736 585 808 ponant
607 727 690 786 alteri
714 727 751 786 ad
775 727 938 789 Caucasum
960 728 1102 807 (Langen.
1128 727 1223 789 adVI
1239 725 1303 806 43).
1339 727 1398 786 Res

253 855 311 896 non
333 838 376 894 ita
398 855 429 896 se
459 835 554 896 habet.
600 835 689 896 Alani
714 844 808 896 certas
830 835 913 896 sedes
944 823 1033 916 supra
1056 835 1220 898 Caucasum
1242 834 1398 908 habebant,

253 964 326 1024 quas
357 964 449 1024 nsque
471 944 509 1004 ad
539 955 692 1006 exeuntem
715 949 919 1026 antiquitatem
949 946 1144 1010 obtinuerunt.
1190 947 1263 1011 Pars
1290 965 1398 1020 eorum,

252 1074 310 1114 non
334 1073 442 1129 omnes,
467 1073 504 1114 cx
522 1055 571 1114 his
593 1053 711 1114 sedibus
736 1055 972 1135 demigraverunt
993 1065 1026 1116 ut
1048 1077 1139 1116 novas
1162 1063 1306 1138 peterent,
1329 1075 1397 1135 pars

253 1167 405 1238 remansit,
436 1173 469 1224 ut
491 1168 522 1222 in
544 1164 595 1223 illa
619 1169 793 1243 migratione
820 1187 906 1246 quam
937 1169 1051 1228 novicio
1074 1164 1162 1226 verbo
1192 1167 1397 1242 migrationem

254 1277 384 1351 gentium
408 1274 554 1354 appellare
579 1280 788 1350 consuevimus,
811 1276 894 1337 sedes
924 1298 981 1336 non
1004 1278 1120 1336 omnino
1150 1272 1400 1354 relinquebantur,

253 1379 305 1440 sed
336 1401 404 1460 pars
427 1381 569 1461 superflua
600 1383 750 1442 hominnm
782 1383 865 1444 sedes
887 1384 1033 1459 mutabat,
1064 1383 1169 1464 reliqui
1198 1382 1395 1444 remanebant.

252 1489 327 1550 Inde
350 1489 547 1570 discrepantia
578 1510 653 1569 quae
675 1491 792 1550 videtur
814 1491 851 1551 de
884 1495 941 1552 situ
964 1492 1127 1552 Alanornm
1146 1499 1208 1552 orta
1239 1499 1297 1552 ost:
1330 1511 1398 1570 pars

252 1599 424 1675 scriptorum
455 1597 538 1657 sedes
560 1600 762 1675 migrantium,
792 1619 860 1679 pars
890 1599 973 1660 sedes
1002 1603 1212 1660 remanentium
1235 1597 1397 1658 Alanorum

252 1703 397 1764 describit.
454 1705 565 1764 Prioris
594 1705 695 1766 classis
725 1714 792 1766 sunt
821 1707 897 1766 Plin.
927 1709 972 1767 IV
997 1711 1045 1768 80.
1068 1707 1144 1766 Ptol.
1168 1707 1217 1768 III
1242 1708 1322 1782 5,a.r·
1354 1707 1397 1766 IV

257 1817 334 1888 14,ο.
387 1813 473 1872 Dion.
508 1815 572 1874 Per.
608 1817 679 1874 305.
734 1816 873 1874 Marciam.
906 1817 1008 1896 peripl.
1042 1817 1075 1875 II
1109 1819 1157 1876 39.
1215 1814 1398 1896 Capitolinus

253 1923 370 1981 Marcus
395 1925 442 1981 22.
488 1919 656 1982 Gordianus
678 1922 727 1982 ΙΙΙ
751 1926 799 1982 34.
853 1923 1032 1982 Maximinus
1067 1927 1116 1997 1‚1.
1160 1923 1292 1982 Avienus
1324 1924 1396 1982 443.

255 2027 365 2089 Auson.
388 2037 495 2108 preest.
519 2049 574 2087 cos.
598 2028 656 2090 ees.
682 2032 729 2088 32.
752 2030 802 2088 III
826 2032 890 2104 ὅρα.
936 2029 1020 2088 Mart.
1045 2028 1115 2108 Cap.
1132 2029 1177 2088 VI
1202 2033 1275 2089 663.Ἰ
1311 2029 1398 2090 Olau-

256 2137 358 2197 dianns
381 2137 418 2197 de
441 2159 517 2196 cons.
542 2137 604 2197 Stil.
622 2139 638 2196 I
656 2141 726 2199 109.
772 2139 873 2198 Pacati
899 2157 1001 2218 paneg.
1017 2137 1129 2198 Theod.
1149 2142 1249 2198 1132.
1295 2139 1398 2199 Dicnil

252 2253 280 2309 ,1.
305 2248 414 2308 Seneca
436 2249 455 2310 l.
481 2269 503 2307 c.
549 2247 681 2308 Alterius
704 2249 805 2308 classis
828 2259 895 2308 sunt
918 2249 1054 2306 Lucanus
1076 2247 1094 2306 l.
1120 2269 1141 2307 c.
1187 2249 1308 2328 Joseph.
1333 2249 1351 2308 l.
1375 2270 1398 2307 c.

252 2358 310 2416 Dio
335 2357 413 2417 Cass.
439 2359 525 2431 69,15.
563 2357 737 2416 Ammianus
759 2358 869 2431 XXII,
901 2361 1063 2428 Scaeam.
1096 2355 1210 2416 XXIII
1242 2359 1305 2430 irps.
1333 2360 1398 2428 aa.

253 2465 366 2525 XXXI
391 2469 553 2540 Quare-21·
579 2469 629 2536 3‚1.
676 2466 729 2524 Iul.
753 2466 850 2525 Valer.
874 2466 898 2539 I,
925 2470 949 2524 l.
996 2465 1069 2524 Tab.
1093 2465 1175 2524 Peut.
1200 2465 1317 2524 Tabula
1340 2465 1400 2524 Eb-

254 2575 391 2634 storfiana
415 2577 440 2633 5.
486 2572 623 2633 Sidonius
646 2593 691 2653 ep.
714 2574 760 2633 IV
778 2579 826 2644 l,4.
872 2573 979 2632 Euseb.
995 2593 1095 2652 praep.
1117 2575 1199 2632 277⁰.
1246 2573 1399 2634 Claudiam.

254 2687 285 2743 in
300 2684 365 2742 Ruf.
381 2685 397 2742 I
413 2686 484 2742 312.
524 2681 646 2742 Orosius
667 2683 683 2740 Ι
700 2686 764 2758 2,,1.
803 2682 962 2762 Procopius
986 2680 1073 2742 Goth.
1090 2683 1135 2743 IV
1150 2705 1178 2763 p.
1196 2679 1289 2742 469¹⁸
1310 2681 1399 2742 Dind.

253 2793 328 2852 Rav.
351 2791 395 2850 IV
421 2793 447 2852 2.
493 2791 620 2850 Zonaras
650 2793 719 2865 1.5,1.
764 2791 824 2852 Ubi
848 2789 1010 2850 Alanorum
1042 2811 1109 2870 pars
1131 2810 1283 2851 remanens
1315 2790 1399 2852 sedes

253 2899 388 2958 habuerit
418 2899 526 2977 optime
555 2897 674 2973 colliges
703 2916 740 2955 ex
763 2897 838 2958 Tab.
863 2897 962 2972 Pent,
994 2900 1025 2956 in
1048 2918 1105 2976 qua
1135 2918 1223 2976 supra
1246 2898 1337 2956 Lazos
1370 2905 1400 2956 et

254 3007 423 3066 Heniochos
446 3026 550 3066 nomen
574 3005 735 3092 Alanorum
766 3009 937 3086 inscriptum
959 3009 1098 3069 invenies.
1143 3007 1298 3066 Ravennae
1321 3007 1339 3066 l.
1366 3028 1399 3067 e:

254 3122 369 3190 damper
396 3123 453 3175 iam
475 3121 562 3174 dictem
579 3121 692 3188 patrias
715 3114 818 3194 (Lasia
840 3122 869 3174 et
893 3113 1037 3194 Abasgia)
1067 3120 1105 3174 ad
1123 3125 1233 3190 partem
1255 3121 1397 3190 septentri-

255 3231 360 3284 onalem
372 3231 489 3298 ponitur
510 3231 605 3298 patria
630 3245 701 3298 qaae
723 3229 826 3284 dicatur
840 3230 1005 3284 Alecturum.
1030 3225 1167 3285 Sidonius
1189 3226 1207 3284 l.
1224 3247 1246 3285 c.
1270 3230 1309 3285 ad
1326 3228 1399 3286 Oan-

255 3342 396 3410 caa'pcaas
416 3339 551 3393 Halanos.
588 3333 709 3412 Procop.
733 3333 751 3392 1.
767 3354 790 3392 c.
813 3330 923 3415 ταύτην
948 3329 980 3394 δὲ
1003 3335 1055 3418 τὴν
1078 3333 1192 3417 χώραν,
1217 3334 1235 3416 ἢ
1260 3333 1289 3404 ἐξ
1313 3332 1399 3418 ὄρους

253 3450 305 3506 τοῦ
335 3438 509 3504 Καυκασίοο
541 3437 610 3525 ἄχρι
642 3439 672 3510 ἐς
703 3436 755 3511 τὰς
786 3436 923 3512 Κασπίας
954 3439 1117 3504 κατατείνει
1148 3439 1242 3512 πύλας
1272 3441 1322 3524 (de
1353 3445 1401 3504 his

255 3557 346 3634 portis
370 3553 403 3612 cf.
428 3573 449 3611 s.
465 3551 573 3632 Hiber)
604 3542 728 3612 Ἀλανοὶ
751 3546 885 3634 ἔχουσιν,
918 3547 1080 3633 αὐτονόρον
1105 3547 1204 3628 ἔθνος,
1239 3547 1266 3612 οἳ
1289 3548 1326 3634 δὴ
1350 3547 1401 3614 καὶ

256 3662 315 3731 τοῖς
338 3657 468 3744 Πέρσαις
498 3654 656 3722 τὰπολλὰ
680 3659 868 3742 Ευρμαχοόσι
890 3657 939 3722 ἐπί
961 3681 992 3720 τε
1013 3655 1189 3741 Ῥωμαίους
1218 3656 1269 3722 καὶ
1292 3657 1402 3734 ἄλλους

255 3768 413 3853 πολεμίους
438 3769 637 3852 στρατεύουσι.
683 3770 816 3848 Migrans
846 3790 914 3848 pars
944 3773 1040 3848 gentis
1069 3769 1181 3830 Valerii
1213 3779 1308 3830 aetate
1340 3773 1400 3830 iam

255 3876 293 3936 ad
316 3876 423 3936 Istrum
451 3883 637 3955 pervenerat;
671 3873 704 3932 cf.
729 3874 840 3933 Seneca
863 3874 880 3932 l.
905 3895 927 3932 c.
951 3874 1025 3932 Plin.
1050 3874 1068 3936 l.
1086 3895 1110 3934 c.
1156 3874 1206 3934 Ad
1228 3876 1336 3934 Istrum
1358 3878 1400 3934 in-

254 3987 387 4046 feriorem
418 3984 468 4044 diu
498 3982 670 4057 manebant,
702 3981 794 4041 donec
824 3985 855 4040 in
883 3985 1057 4060 migratione
1091 3987 1221 4060 gentium
1253 3985 1399 4042 coniuncti

255 4113 321 4152 cum
335 4092 479 4152 Vandalis
501 4109 594 4172 usque
616 4094 646 4150 in
661 4091 838 4170 Hispaniam
860 4099 889 4150 et
904 4091 1036 4152 Africam
1058 4101 1260 4173 pervenerunt.
1296 4093 1400 4152 Utram

255 4249 304 4304 der
323 4265 393 4304 neue
405 4249 492 4304 Name
505 4249 611 4303 Alanen
625 4250 678 4304 seit
699 4250 748 4305 der
760 4249 842 4304 Mitte
861 4248 908 4304 des
922 4254 1015 4304 ersten
1028 4248 1231 4304 lahrhunderts
1245 4249 1315 4323 nach
1329 4247 1400 4316 chr,

255 4340 378 4395 offenbar
395 4355 448 4393 von
460 4339 645 4395 Vorderasien
664 4356 722 4410 aus,
741 4340 895 4395 romischen
913 4339 969 4394 und
982 4339 1169 4408 griechischen
1182 4338 1400 4394 Schriftstellern

253 4431 370 4504 geltufig
389 4432 464 4488 wird.
