3190 4956
776 217 827 280 el

220 385 269 460 τύν
303 393 409 480 τρόπον
443 396 565 459 τούτου·
598 387 705 464 ἵππους
727 389 839 463 πολλάς
871 389 994 461 ἕκαστος
1017 388 1128 476 τρέφει,
1166 392 1207 462 ὡς
1231 389 1268 477 δή
1293 389 1362 455 οὔτε

223 505 253 576 ἐς
277 505 402 568 ἰδιωτῶν
425 505 553 589 κλήρους
575 509 628 586 τῆς
651 508 706 586 γῆς
730 498 945 586 μεμερισμένης
968 495 1035 562 ούτε
1058 523 1084 562 τι
1112 499 1262 585 φερούσης
1289 500 1367 586 πλήν

221 613 293 700 ύλης
316 613 430 699 ἀγρίας,
454 613 507 677 άτε
527 611 618 676 ὄντων
640 608 789 695 νομάδων.
825 608 945 680 ταύταις
968 608 1022 672 ούκ
1050 609 1081 680 ἐς
1104 609 1232 693 πόλεμον
1260 615 1363 695 χρῶν-

221 745 270 785 ται
294 723 390 806 μόνον,
416 717 566 784 ἀλλὰκαὶ
590 719 670 790 θεοῖς
695 717 815 781 θύουσιν
838 715 1009 803 ἐπιχωρίοις
1024 714 1073 780 καὶ
1090 713 1189 788 άλλως
1208 721 1365 782 σιτοῦνται.

224 829 434 914 συλλεξάμενοι
458 827 491 892 δέ
513 825 564 900 τάς
588 824 680 899 ὁπλάς
704 825 925 910 ἐκκαθήραντές
948 849 980 888 τε
1002 823 1052 887 καὶ
1069 826 1214 898 διελόντες
1231 831 1363 892 ποιοῦσιν

223 938 273 1003 ἀπ’
305 938 403 1002 αὐτῶν
434 937 551 1023 ἐμφερῆ
587 935 755 1021 δρακόντων
787 933 919 1020 φολίσιν·
956 935 1034 1007 ὅστις
1069 933 1103 997 δὲ
1136 935 1190 998 οὐκ
1222 933 1284 999 εἶδέ
1315 963 1364 1001 πω

225 1045 380 1132 δράκοντα,
413 1045 513 1118 πίτυός
546 1069 581 1129 γε
613 1042 674 1108 εἷδε
706 1041 818 1130 καρπὸν
849 1041 967 1130 χλωρὸν
992 1041 1050 1106 ἔτι·
1089 1045 1153 1116 ταῖς
1176 1043 1226 1110 οὖν
1250 1043 1298 1108 ἐπὶ
1321 1046 1365 1131 τῷ

222 1161 329 1243 καρπῷ
358 1162 411 1240 τῆς
442 1155 543 1226 πίτυος
578 1153 770 1238 φαινομέναις
800 1153 936 1238 ἐντομαῖς
959 1150 1087 1224 εἰκάζων
1110 1152 1143 1216 τύ
1167 1151 1252 1239 ἔργον
1275 1153 1308 1217 τὸ
1331 1155 1365 1218 ἐκ

223 1271 275 1350 τής
307 1267 400 1350 ύπλής
428 1264 480 1328 οὐκ
516 1263 549 1327 du
587 1260 759 1349 ἁμαρτάνοι.
798 1270 890 1325 ταῦτα
925 1263 1134 1347 διατρήσαντες
1166 1261 1217 1327 καὶ
1252 1262 1364 1350 νεύροις

221 1373 320 1439 ἵππων
343 1377 363 1459 ή
388 1375 465 1461 βοῶν
491 1370 689 1460 συρράψαντες
711 1383 841 1458 χρῶνται
865 1370 993 1455 θώραξιν
1017 1368 1086 1434 οὔτε
1117 1371 1278 1458 εύπρεπείορ
1306 1379 1365 1437 τῶν

220 1481 406 1568 Ἑλληνικῶν
442 1482 621 1546 ἀποδέουσιν
654 1478 722 1544 ούτε
758 1478 1000 1564 ἀσθενεστέροις·
1042 1477 1092 1542 καὶ
1126 1478 1182 1566 γάρ
1214 1480 1364 1567 συστάδην

222 1593 395 1676 τυπτόμενοι
427 1589 478 1654 καὶ
511 1590 670 1677 βληθέντες
700 1589 865 1674 ἀνέχονται.
921 1590 1105 1652 simillimam
1138 1591 1363 1673 descriptionem

223 1701 302 1783 apud
330 1701 442 1764 Valerii
474 1709 626 1762 auctorem·
650 1701 738 1760 fuisse
769 1719 886 1760 necesse
915 1709 965 1760 cst.
1017 1702 1092 1761 Item
1124 1702 1246 1762 Tacitus
1279 1703 1364 1762 nobis

222 1815 306 1872 testis
328 1821 371 1872 est
393 1811 542 1872 Valerium
565 1831 635 1872 vera
657 1811 786 1888 tradere3
820 1811 886 1870 hist.
910 1811 927 1870 I
952 1812 990 1870 79
1023 1810 1060 1870 de
1083 1811 1245 1871 Sarmatica
1275 1822 1363 1892 gente

221 1919 461 1980 Rhoxolanorum
489 1927 602 1978 narrat:
634 1924 807 1994 lapsantibus
835 1923 912 1994 equis
938 1928 962 1976 et
984 1925 1204 1990 catafractarum
1222 1926 1362 1994 peredere:

221 2030 446 2100 idwincipihus
468 2037 493 2084 et
514 2030 680 2084 aobdiaeimo
712 2031 810 2100 calpae
843 2031 975 2099 teptmea,
1013 2030 1113 2096 terreis
1145 2031 1285 2088 ῑοωαιίαίε
1314 2039 1364 2088 aut

220 2141 364 2210 praedeao
386 2141 459 2195 corio
480 2145 639 2207 οοκσαιπαω,
664 2144 697 2192 at
720 2138 849 2193 adcrescas
870 2140 940 2194 taus
961 2138 1171 2206 tmpaatratite.
1217 2135 1312 2213 Igitur
1335 2145 1364 2198 et

224 2245 347 2304 Tacitus
378 2251 407 2303 ct
429 2242 566 2310 Valerius
596 2241 687 2301 tradit
715 2260 805 2322 equos
835 2243 972 2320 virosque
1002 2241 1197 2322 cataphractis
1230 2241 1364 2304 defensos

223 2353 329 2428 fuisse,
362 2371 456 2434 neque
485 2349 607 2410 multum
630 2348 767 2408 differunt
789 2348 1014 2428 descriptiones:
1046 2369 1184 2430 quaerere
1206 2351 1274 2412 licet
1295 2373 1364 2412 num

223 2449 302 2520 idom
322 2460 429 2521 bellum
453 2479 528 2517 anno
553 2459 591 2518 69
616 2465 730 2535 gestum
755 2460 871 2538 utrique
893 2459 1025 2536 scriptori
1042 2455 1118 2516 hanc
1141 2457 1364 2539 descriptionem

225 2567 495 2629 subministraverit.

311 2682 461 2738 Satarchae
484 2677 541 2756 (VI
566 2677 648 2755 144).
694 2677 831 2736 Valerius
854 2675 1009 2738 Satarchas
1031 2697 1090 2735 una
1123 2697 1188 2736 cum
1210 2678 1364 2739 Exomatis

222 2786 251 2848 ct
273 2787 403 2866 Torynis
425 2793 589 2858 enumerat,
622 2789 672 2864 qui
697 2783 846 2844 Sindicam
868 2803 961 2864 paene
983 2783 1108 2842 insulam
1130 2785 1278 2846 incolunt:
1313 2787 1365 2847 Sa*

222 2897 340 2956 tarchac
371 2898 462 2974 igitur
493 2893 573 2954 haud
605 2893 705 2974 procul
738 2891 808 2952 inde
836 2891 963 2972 ponendi
993 2902 1066 2952 sunt.
1112 2894 1260 2953 Firmatur
1292 2895 1365 2955 haec

223 3003 333 3064 Valerii
367 3005 495 3061 narratio
527 3002 648 3081 reliquis
684 3001 879 3080 scriptoribus.
932 3001 1087 3060 Satarchae
1119 3021 1199 3061 mare
1232 3005 1365 3081 attigisse

223 3113 325 3172 titulus
347 3111 466 3191 quidam
488 3131 542 3170 nos
564 3113 699 3170 certiores
721 3110 923 3170 facitnarrans
948 3129 997 3170 eos
1012 3113 1124 3191 piratas
1139 3110 1238 3185 fuisse,
1253 3113 1276 3171 I.
1285 3111 1317 3172 P.
1328 3113 1364 3172 Ε.

222 3207 363 3302 Neapolis
384 3220 439 3281 No.
465 3223 526 3279 244

485 3323 613 3413 Ἀχιλλεῖ
634 3328 724 3411 νήσου
749 3325 896 3414 [μεδέοντι

483 3435 629 3508 Ποσίδεος
655 3427 815 3518 Ποσι[δέου
839 3433 906 3508 τούς

485 3543 691 3630 Σαταρχαίους
714 3545 851 3628 [νικήσας

484 3650 775 3735 πειρατ[ε]ύσαντ[ας
798 3649 956 3735 ἀνέθηκεν.
1000 3696 1001 3700 ,

223 3765 339 3823 Plinius
361 3764 407 3822 bis
423 3762 579 3822 Satarchas
601 3762 742 3822 describit
763 3762 837 3821 duas
859 3765 957 3822 varias
980 3763 1208 3844 chorographias
1230 3772 1364 3842 secutus3

225 3874 270 3933 VI
294 3876 334 3932 22
358 3872 544 3932 Satarchaeoa
566 3872 604 3932 ad
626 3873 742 3932 Tanain
765 3877 864 3954 ponit,
897 3877 944 3933 cui
971 3873 1034 3933 loco
1056 3873 1130 3933 fides
1150 3895 1209 3932 non
1230 3873 1366 3934 habenda

224 3989 268 4041 est
291 3979 367 4060 quod
385 3980 499 4038 Plinius
521 4001 567 4040 res
590 3981 743 4040 confundit
766 3991 968 4062 auctoremque
992 3991 1044 4041 aut
1066 3989 1199 4042 auctores
1221 3981 1294 4042 adeo
1316 4000 1365 4042 ne-

223 4091 368 4169 gligenter
390 4090 527 4149 exscribit
549 4098 582 4149 ut
604 4089 772 4152 Satarchaei
793 4094 870 4150 intra
893 4091 1014 4152 eandem
1043 4095 1287 4153 enumerationem
1320 4093 1366 4153 bis

223 4201 418 4279 reperiantur3
450 4198 541 4257 altero
571 4199 635 4258 loco
666 4203 848 4259 consentiens
870 4221 936 4259 cum
958 4201 1077 4279 reliquis
1101 4199 1289 4279 scriptoribus
1313 4202 1365 4262 Sa-

223 4306 339 4366 tarchae
372 4305 409 4364 ad
439 4324 504 4364 eum
527 4307 664 4365 isthmum
687 4311 771 4386 ponit
793 4310 843 4387 qui
865 4305 1095 4366 Chersonnosum
1119 4309 1275 4367 Tauricam
1300 4330 1365 4368 cum

225 4416 393 4474 continente
423 4416 580 4494 coniungit,
611 4414 656 4474 IV
681 4417 720 4474 85
744 4420 851 4491 «lacum
873 4421 965 4490 ipsum
985 4419 1161 4494 Scylacem·
1182 4427 1283 4478 uacat.
1313 4423 1368 4478 οἰα-
