3190 4956
744 252 784 315 45

175 421 265 486 velut
288 423 416 509 Procop.
440 426 519 490 Pers.
542 429 558 488 I
580 450 608 509 p.
634 422 801 488 571Dind.
834 435 913 490 reete
944 427 1084 490 describit
1113 429 1187 492 falso
1217 431 1335 494 nomine

173 555 249 594 usus
278 523 425 620 Ἴβηρες,
463 532 492 598 οἳ
523 535 554 599 ἐν
583 545 620 621 τῇ
649 532 740 621 Ἀσία
774 535 905 614 οἰκοῦσι,
943 533 1014 622 πρὸς
1050 535 1152 610 αὐταῖς
1180 561 1238 602 που
1269 540 1333 612 ταῖς

175 633 343 712 Κασπίαις
365 637 496 726 ἵδρυνται
531 643 634 712 πύλαις
665 636 752 726 αἵπερ
785 640 883 712 αὐτοῖς
907 642 964 705 εἰσι
986 641 1058 728 πρὸς
1082 643 1190 728 βορρᾶν
1213 641 1333 729 ἄνεμου.

175 748 286 808 Etiam
313 751 438 810 Tacitus
465 751 532 812 hist.
556 753 572 810 I
596 755 613 811 6
649 751 742 812 falsae
771 753 903 833 opinioni
932 751 1048 814 deditus
1076 762 1136 814 est:
1169 777 1236 830 quos
1262 761 1336 816 λᾶαν

170 860 254 918 Nero
279 864 376 920 eiectos
393 867 610 936 praemissosque
630 865 669 919 ud
689 865 811 920 eleuare
833 861 1001 934 Caspiarum
1031 873 1056 922 ct
1084 868 1180 923 δσλαιιι
1202 868 1276 938 quod
1296 870 1330 924 in

171 971 311 1028 Albaoroe
335 973 460 1042 parabat
459 1012 591 1043 .....
615 978 790 1029 revocaverat.
835 967 884 1026 Hx
906 967 1047 1030 Hiberiae
1075 979 1223 1050 portarum
1253 991 1332 1032 men-

171 1076 259 1136 tione
285 1075 328 1136 de
347 1085 446 1138 ¹acuite
467 1081 594 1138 auctoris
615 1077 694 1138 idem
716 1076 888 1137 concludere
910 1077 978 1138 licet
993 1078 1072 1158 quod
1086 1099 1124 1140 ex
1141 1080 1333 1142 Albanarum.

268 1183 392 1245 Deinde
414 1185 551 1246 Valerius
573 1185 619 1246 VI
644 1189 705 1246 120
728 1184 880 1246 Hiberiam
911 1185 1082 1248 discolorem
1112 1188 1250 1268 appellat.
1294 1188 1332 1248 Id

172 1290 215 1352 ed
238 1293 381 1356 habitum
402 1297 500 1373 gentis
520 1294 702 1356 referendum
732 1301 792 1368 est,
829 1313 915 1375 quem
945 1314 1039 1376 neque
1067 1299 1217 1377 proprium
1239 1296 1331 1358 Hibe-

171 1422 280 1462 rorum
304 1423 400 1485 neque
421 1425 512 1464 unum
532 1403 880 1479 arcessiebantur,
913 1425 941 1485 p.
966 1407 1028 1465 500
1051 1399 1100 1467 τὸν
1125 1400 1177 1488 μὲν
1200 1402 1251 1468 οὖν
1274 1427 1331 1468 πε-

174 1508 240 1574 δίον
275 1516 340 1576 τῶν
363 1511 489 1598 Ἰβήρων
523 1512 550 1574 οἱ
579 1512 816 1598 γεωργικώτεροι
844 1509 896 1576 καλ
924 1509 997 1597 πρὸς
1019 1513 1140 1598 εἰρήνην
1161 1515 1329 1588 νενευκότες

172 1619 297 1685 οἰκοῦσι
322 1618 490 1706 Ἀρμενισεέ
520 1643 552 1684 τε
582 1619 632 1686 καὶ
658 1619 791 1706 Μηδιστὶ
823 1621 1045 1706 ἐσκευασμένοι,
1076 1623 1129 1707 τήν
1158 1645 1191 1688 τε
1214 1622 1329 1709 ὀρεινὴν

175 1730 205 1792 υἱ
230 1730 356 1803 πλείους
379 1729 428 1794 καὶ
451 1731 577 1818 μάχιμοι
598 1731 760 1817 κατέχουσι
782 1731 911 1796 Σκυθῶν
935 1730 1019 1818 δίκην
1044 1735 1152 1806 ζῶντες
1175 1731 1225 1798 καὶ
1246 1733 1329 1821 Σαρ-

174 1845 305 1924 ματῶν,
343 1843 441 1926 ὧνπερ
474 1838 524 1904 κοιλ
556 1841 660 1925 ὅμοροι
699 1837 751 1902 καλ
783 1842 932 1923 συγγενεῖς
967 1841 1049 1906 εἰσιν.
1095 1843 1270 1924 Scytharum
1300 1854 1330 1905 et

176 1953 384 2013 Sarmatarum
406 1955 543 2030 cognatio
565 1951 671 2011 sufficit
692 1959 726 2010 ut
748 1970 819 2029 gens
838 1950 1017 2010 Hiberorum
1039 1950 1165 2012 discolor
1186 1954 1329 2034 appellari

176 2059 283 2135 possit.
330 2058 486 2118 Praeterea
518 2065 635 2136 gentem
664 2064 711 2116 tot
744 2056 925 2118 diversarum
953 2059 1083 2134 gentium
1104 2060 1165 2118 ritu
1186 2068 1329 2120 armatam

176 2173 207 2225 et
243 2169 385 2227 vestitam
415 2170 479 2228 acie
510 2170 681 2227 instructam
710 2166 861 2226 borridum
892 2167 1089 2248 spectaculum
1116 2167 1256 2248 praebere
1278 2191 1328 2250 ap·

177 2286 274 2355 paret.
321 2277 435 2337 Auctor
457 2277 570 2338 Valerii
592 2277 735 2336 hocloco
768 2279 832 2336 sine
862 2275 952 2336 dubio
986 2297 1055 2336 uem
1087 2285 1132 2338 est
1161 2281 1329 2340 narratione

178 2385 309 2446 alicuius
330 2386 457 2445 hominis
481 2389 530 2466 qui
551 2389 584 2445 in
606 2389 736 2446 exercitu
751 2386 875 2466 Pompei
896 2385 1026 2445 militans
1037 2385 1215 2447 Hiberorum
1237 2391 1329 2450 aciem

180 2494 271 2558 vidit.

271 2607 352 2666 Tum
373 2605 510 2667 Valerius
532 2613 633 2666 narret
655 2624 704 2666 eos
726 2607 839 2686 equites
863 2603 958 2664 fuisse.
1006 2601 1043 2664 Id
1072 2623 1187 2686 quoque
1217 2605 1249 2664 iu
1270 2605 1328 2666 Mi-

175 2713 356 2775 thradaticis
387 2712 569 2789 tradebatur,
603 2713 642 2773 cf.
664 2713 804 2774 Reineob.
834 2735 863 2796 p,
885 2714 958 2774 340.
1002 2710 1086 2773 Idem
1110 2714 1209 2793 colligi
1231 2723 1330 2795 potest

178 2843 216 2884 ex
252 2823 395 2884 Strabone
424 2845 453 2904 p.
480 2826 541 2883 502
577 2820 732 2884 στέλλουσι
766 2817 800 2884 δὲ
824 2817 960 2904 (Albani)
993 2818 1087 2904 μείζω
1118 2826 1171 2904 τῆς
1200 2813 1328 2907 Ἰβήρων

179 2931 337 3018 στρατιάν·
373 2929 528 3001 δπλίζυυσι
557 2928 614 3016 γὰρ
643 2927 693 2992 καὶ
716 2930 746 3002 έξ
770 2928 916 3016 μυριάδας
939 2933 1048 3010 πεζῶν,
1081 2929 1188 3002 ἱππέας
1212 2928 1245 2994 δέ
1268 2953 1327 3018 μυ-

180 3039 262 3124 ρίους
284 3037 334 3104 καὶ
357 3038 530 3126 δισχιλίους,
555 3039 634 3111 ὅσοις
658 3036 728 3124 πρὸς
752 3036 908 3123 Πομπήιον
932 3029 1177 3106 διεκινδύνευσαν.

273 3157 410 3230 Hyrcani.
455 3151 588 3231 Hyrcani
621 3153 652 3209 in
682 3150 815 3229 catalogo
838 3149 884 3210 bis
902 3153 1118 3226 inveniuntur,
1155 3151 1201 3211 VI
1225 3153 1263 3211 79
1299 3160 1329 3212 et

182 3265 265 3338 1143
287 3261 356 3321 inde
378 3281 437 3320 non
460 3281 525 3322 cum
546 3261 689 3338 Langeno
712 3258 914 3318 coniciendum
936 3268 981 3320 est
1001 3261 1125 3320 alterum
1146 3261 1242 3320 locum
1264 3281 1327 3320 cor-

179 3380 299 3452 ruptum
321 3344 403 3449 esae3
426 3379 470 3430 est
491 3389 529 3430 ex
551 3371 588 3428 iis
610 3369 691 3444 locis,
714 3368 818 3448 quibus
838 3387 875 3428 ne
896 3368 1030 3428 ultimam
1052 3369 1153 3428 limam
1174 3369 1328 3430 adhiberet

359 3599 431 3675 Ἴβηρ
447 3598 546 3675 Ἴβηρος
566 3601 651 3656 iudaei
668 3602 819 3674 τετάρχυται
838 3619 863 3654 κ.
882 3619 905 3654 τ.
924 3599 947 3654 λ.

183 3693 287 3752 Cecidit
305 3697 477 3764 Amezespue
495 3696 524 3750 in
543 3695 657 3750 Traiani
680 3693 855 3764 expeditione
873 3693 1005 3750 Parthica
1030 3695 1066 3762 (a.
1089 3693 1189 3763 impe),
1218 3707 1328 3748 omnen

182 3785 268 3856 igitur
292 3802 348 3840 non
374 3785 460 3842 multo
485 3790 550 3859 post
571 3785 674 3842 Valerii
699 3789 819 3841 aetatem
845 3782 937 3861 lepidi·
959 3783 1075 3838 incisum
1093 3787 1144 3840 est.
1181 3783 1325 3854 Epigram-

181 3880 261 3938 matis
280 3885 398 3948 poetam,
418 3894 497 3946 quem
517 3878 608 3946 aliquo
628 3877 708 3932 modo
727 3894 788 3932 cum
807 3881 961 3946 Amaraspo
981 3875 1155 3930 coniunctum
1173 3875 1259 3932 luisse
1278 3893 1326 3946 ap·

182 3978 269 4042 paret,
289 3988 347 4027 rem
367 3972 438 4026 seire
458 3971 582 4041 potuisse
600 3971 696 4040 negari
715 3971 817 4039 nequit.
855 3969 923 4024 Inde
943 3969 1068 4038 sequitur
1087 3974 1136 4024 aut
1160 3969 1238 4026 binae
1262 3985 1325 4038 por-

182 4071 226 4122 tas
245 4065 359 4135 Caspias
377 4064 479 4132 fuisse,
508 4065 612 4119 alteras
639 4063 668 4118 in
686 4063 775 4119 Medis
804 4063 907 4118 alteras
932 4061 961 4115 in
986 4061 1115 4128 Hiberis,
1139 4065 1188 4115 aut
1206 4059 1324 4115 Hiberos

185 4159 345 4230 Caspiarum
363 4163 506 4228 portarum
524 4173 622 4212 nomen
641 4173 727 4226 prave
744 4157 773 4210 in
793 4171 857 4210 euos
883 4155 951 4210 fines
970 4155 1164 4209 transtulisse:
1191 4169 1252 4208 oum
1271 4154 1324 4207 boc

186 4253 242 4306 veri
261 4251 471 4306 dissimillimum
490 4250 526 4304 sit
544 4249 613 4304 illud
632 4250 784 4319 amplector
803 4264 955 4317 censeoque
968 4247 1002 4302 iis
1017 4263 1125 4314 quoque
1136 4247 1233 4315 portis,
1254 4261 1325 4313 quae

184 4347 307 4402 aPonto
326 4345 497 4402 venientibus
516 4343 621 4399 aditum
639 4341 675 4399 ed
695 4343 824 4413 Caspium
842 4359 918 4398 mare
936 4342 1079 4412 praebent,
1098 4355 1197 4394 nomen
1212 4339 1325 4409 Caspia·

183 4453 244 4496 rum
262 4437 358 4495 fuisse.
395 4437 456 4496 Viri
474 4436 549 4494 docti
567 4441 659 4494 autem
676 4435 747 4493 hano
766 4435 979 4508 appellationem
997 4431 1198 4505 improbabant.
