3190 4956
805 247 846 311 18

251 418 349 482 ¹fuisse
373 442 445 503 quos
466 421 584 482 Plinius
606 427 768 504 excerpsit:
803 423 969 484 consideres
998 423 1172 501 Langenum
1204 443 1319 506 quoque
1340 445 1400 488 non

253 540 417 611 permotum
439 540 469 592 et
489 532 650 612 pollicitum
672 533 764 592 Plinii
785 536 951 594 testimonio
972 536 1005 592 in
1027 531 1150 594 eundem
1173 553 1299 596 errorem
1323 540 1396 598 inci-

252 638 333 700 disse
354 639 508 702 Herodoto
531 641 624 702 obiter
645 642 727 702 lecto.
773 641 929 702 Praeterea
951 649 1083 701 auctores
1104 651 1301 721 perscrutatus
1321 665 1394 725 quos

252 767 284 808 se
306 758 436 808 secutum
458 769 521 810 esse
542 750 657 810 Plinius
678 753 743 830 ipse
765 753 807 808 ait
829 769 866 810 ne
888 771 977 808 unum
1001 749 1118 830 quidem
1140 755 1255 831 repperi
1283 755 1316 810 in
1346 772 1395 814 eo·

252 879 317 917 rum
338 879 458 920 numero
482 863 564 920 cuius
586 863 703 920 nomine
724 859 838 920 Valerii
861 860 1102 940 chorographiam
1122 861 1271 920 inscribas

337 973 514 1044 Massapctoc
546 968 587 1047 (V
604 967 685 1048 125).
732 967 828 1028 Situm
843 969 1082 1046 Massagetarum,
1107 989 1229 1048 quorum
1252 967 1336 1029 sedes
1358 968 1399 1028 ad

248 1075 405 1136 Jaxartem
424 1085 509 1153 sunt,
544 1078 681 1138 Valerius
708 1086 787 1138 recte
809 1085 987 1158 compertum
1009 1076 1110 1137 habet:
1141 1075 1215 1137 dicit
1237 1081 1313 1137 euim
1344 1098 1395 1138 eos

250 1182 328 1240 ultra
349 1191 449 1262 portas
472 1182 596 1265 Caspias
617 1183 757 1260 incolere,
780 1203 809 1244 u.
822 1205 849 1243 v.
894 1183 941 1242 De
964 1183 1194 1261 Massagetarum
1216 1183 1334 1244 sedibus
1358 1184 1396 1244 cf.

248 1287 358 1348 Herod.
381 1289 398 1348 Ι
420 1291 492 1348 201.
517 1293 587 1350 204.

335 1402 416 1458 Medi
437 1397 479 1477 (V
495 1399 579 1474 125).
626 1399 671 1460 De
685 1398 781 1459 Medis
803 1397 882 1458 idem
907 1397 972 1458 dico
996 1419 1030 1458 ac
1052 1397 1089 1458 de
1103 1397 1287 1475 Massagetis.
1326 1399 1396 1459 Non

250 1523 322 1584 opus
344 1511 389 1564 est
411 1502 448 1564 de
469 1503 588 1564 sedibus
610 1524 710 1566 corum
732 1505 823 1566 verba
844 1505 947 1565 facere.

253 1663 256 1672 .
334 1617 442 1689 Mycael
462 1613 521 1690 (VI
539 1613 619 1694 129).
658 1613 720 1674 Sub
734 1614 790 1674 hac
805 1614 969 1694 corruptela
983 1612 1123 1694 populum
1138 1613 1394 1692 septentrionalem

250 1719 343 1780 latore
365 1739 403 1780 ox
425 1721 527 1782 ordine
548 1726 680 1801 gentium
710 1723 789 1803 apud
811 1723 962 1783 Valerium
984 1721 1136 1795 discimus,
1164 1727 1257 1782 Necti
1277 1727 1395 1800 Jucppca

246 1835 357 1908 Mycael
386 1835 455 1892 otest
477 1837 621 1908 1111100011
650 1838 795 1894 Auchetae
826 1838 1017 1910 ilrpsscpetac.
1061 1831 1221 1892 Reicienda
1243 1840 1287 1891 est
1316 1835 1393 1892 coni-

246 1947 346 1999 ectura
364 1935 464 2001 Mouet
486 1941 629 2021 (Langen.
652 1945 683 2002 in
705 1941 771 2003 adn.
787 1943 927 2005 Mussenh.
944 1943 992 2002 III
1014 1964 1041 2022 p.
1056 1945 1095 2001 62
1119 1940 1199 2020 adn.)
1223 1961 1299 2022 quae
1320 1961 1392 2021 gens

248 2047 284 2108 ad
308 2051 404 2108 sinum
426 2051 577 2110 Persicum
600 2055 656 2110 sita
679 2073 737 2112 non
760 2052 941 2132 respicienda
967 2061 1012 2113 est
1033 2071 1127 2131 neque
1148 2059 1265 2131 praeter
1286 2051 1392 2111 falsam

247 2159 442 2218 coniecturam
466 2179 541 2238 quae
564 2168 607 2219 est
622 2164 731 2221 Cossaei
751 2162 811 2220 ulla
833 2181 864 2222 re
880 2160 1103 2222 commendatur.
1139 2160 1275 2220 Valerius
1292 2182 1392 2241 quam-

246 2281 334 2342 quam
358 2264 523 2343 catalogum
545 2286 628 2325 suum
650 2267 822 2345 longissime
853 2271 992 2329 orientem
1015 2287 1116 2328 versus
1138 2265 1271 2326 extendit
1292 2275 1391 2328 tamen

242 2373 320 2430 iusta
349 2373 463 2431 ratione
485 2382 644 2434 commotus
672 2395 733 2434 non
764 2377 891 2434 intexuit
922 2383 1024 2454 gentes
1047 2393 1121 2455 quas
1149 2375 1287 2433 interris
1316 2373 1391 2435 bene

244 2481 370 2556 cognitis
392 2481 479 2540 nimis
502 2479 541 2540 ad
556 2481 705 2543 meridiem
729 2491 860 2562 vergant.
899 2480 983 2556 Quae
1006 2482 1043 2544 de
1065 2485 1145 2542 crine
1160 2480 1281 2542 odorato
1303 2481 1390 2542 herlus

242 2589 337 2665 gentis
359 2596 461 2647 narrat
481 2588 600 2651 aliunde
622 2592 778 2651 transtulit.
862 2595 865 2600 '
1081 2591 1083 2597 ’

328 2699 429 2757 Novas.
484 2697 585 2758 Facile
617 2697 766 2759 inducaris
799 2709 832 2760 ut
863 2700 977 2760 Novam
1013 2697 1136 2759 eundern
1168 2697 1289 2759 fluvium
1324 2719 1388 2760 esso

240 2801 342 2864 credas
374 2824 409 2865 ac
433 2801 515 2888 Νόην
546 2825 631 2886 quern
661 2805 828 2867 Herodotus
861 2807 970 2868 laudat.
1016 2807 1129 2867 Tamen
1162 2826 1208 2868 res
1239 2808 1324 2868 aliter
1353 2829 1387 2870 sc

241 2911 347 2986 habat,
382 2920 503 2992 uterque
532 2913 615 2972 locus
648 2934 706 2993 quo
738 2913 846 2992 legitur
882 2913 961 2994 apud
982 2914 1133 2975 Valerium
1166 2935 1219 2973 nos
1249 2913 1385 2976 admonet

239 3039 276 3080 ne
309 3019 346 3080 dc
377 3021 467 3080 fluvio
491 3021 637 3082 Thraciae
660 3025 764 3102 quiin
787 3023 895 3082 Istrum
916 3023 1013 3082 influit
1036 3025 1203 3102 cogitemus
1249 3021 1295 3082 IV
1319 3024 1382 3082 718

243 3135 450 3186 enumerantur
479 3129 557 3188 Ister
584 3129 697 3189 Tanais
728 3111 827 3209 Lycus
857 3131 995 3210 Hypanis
1026 3131 1128 3190 Novas
1150 3130 1276 3188 Maeotis
1310 3131 1342 3204 (i.
1359 3149 1383 3190 c

239 3232 397 3294 Maeotidis
420 3238 526 3296 ostium
553 3240 584 3296 in
607 3239 765 3317 Pontum),
799 3237 876 3298 unde
908 3238 1056 3316 colligitur
1080 3237 1196 3296 Novam
1219 3237 1380 3296 10101Το-

235 3344 304 3402 nain
343 3351 371 3404 ot
403 3341 565 3406 Caucasum
597 3364 664 3406 esse.
719 3344 859 3406 Fluvium
899 3349 949 3425 qui
988 3347 1018 3404 in
1058 3345 1147 3406 alium
1185 3345 1282 3406 influit
1320 3345 1381 3408 dici

235 3472 294 3514 non
325 3471 410 3533 posse
443 3471 539 3514 rerum
576 3471 688 3512 conexu
721 3452 874 3513 manifeste
912 3451 1141 3526 demonstratur,
1175 3471 1244 3512 nam
1281 3456 1381 3532 agitur

144 3576 146 3582 ’
237 3557 274 3619 de
296 3559 393 3620 fluviis
419 3559 695 3639 septentrionalibus
718 3561 766 3639 qui
786 3561 926 3620 immensa
948 3563 979 3620 vi
996 3580 1089 3640 aquae
1104 3561 1231 3622 Pontum
1254 3571 1384 3640 augeant

235 3667 282 3747 (cf.
299 3687 375 3748 quac
393 3688 415 3728 s.
431 3689 458 3728 v.
472 3667 599 3728 Maeotis
621 3666 713 3746 dixi),
735 3673 835 3749 itaque
846 3669 922 3730 Istro
937 3671 1003 3750 ipso
1018 3671 1079 3728 iam
1101 3669 1249 3751 appellato
1271 3670 1380 3732 fluvius

236 3779 288 3858 qui
309 3777 342 3834 in
363 3795 429 3838 eum
451 3775 547 3836 influit
569 3775 627 3836 dici
657 3797 716 3838 non
737 3786 841 3859 potest.
888 3775 962 3838 Cum
984 3777 1040 3838 hoc
1062 3777 1127 3836 loco
1150 3777 1225 3840 alter
1247 3779 1293 3840 VI
1317 3782 1379 3840 100

234 3884 309 3946 bone
324 3887 527 3962 coniungitur:
549 3885 685 3948 Valerius
707 3887 745 3948 ab
767 3886 919 3949 occidente
936 3890 1076 3948 orientem
1098 3905 1200 3948 versus
1215 3887 1377 3968 procedens

236 4001 386 4054 enumerat
408 3992 541 4054 Corallos
562 3993 722 4056 Bastarnas
744 3996 862 4058 Novam
885 3995 1035 4070 Alauona3
1066 3993 1168 4054 Novas
1190 3997 1282 4073 igitur
1302 3999 1381 4056 inter

233 4101 392 4162 Bastarnas
423 4109 453 4162 et
471 4100 634 4162 Alauonom
656 4109 707 4165 ost
752 4101 836 4164 Haec
868 4109 937 4167 sunt
969 4119 1045 4180 quae
1077 4119 1113 4160 ox
1145 4102 1264 4164 Valerio
1296 4102 1379 4164 eolli-

233 4217 350 4288 guntur.
406 4208 506 4270 Unum
539 4211 694 4286 vestigium
724 4210 828 4270 Novae
856 4209 939 4269 fluvii
973 4206 1053 4288 quod
1080 4216 1196 4289 praeter
1226 4211 1379 4274 Valerirun

235 4316 322 4380 uobis
343 4324 489 4378 servatum
520 4324 564 4378 est
585 4315 660 4378 bene
682 4315 815 4378 adhaec
841 4315 973 4398 quadrat.
1019 4315 1269 4398 Oosmographiae,
1288 4340 1310 4379 c.
1337 4320 1376 4380 33

234 4425 351 4510 (Riese,
377 4425 484 4506 Geogr.
516 4426 582 4494 Lat.
615 4426 684 4495 min,
716 4445 746 4506 p.
771 4424 833 4506 86).
893 4429 1018 4498 Oceanus
1047 4433 1270 4502 antestaretur
1296 4431 1384 4500 aaa
