3190 4956
782 241 823 300 40

234 411 328 500 ριάσιν
345 425 347 432 ’
362 413 478 503 ἐλόχων
514 410 595 500 ἀμφί
626 411 676 478 τόν
710 405 823 499 Κόρνον
857 410 999 498 ποταμὸν,
1032 411 1063 484 ὃς
1100 411 1220 476 δώδεκα
1234 459 1238 468 .
1253 409 1380 495 στόμασι

234 525 361 598 πλωτοῖς
393 525 434 597 εἰς
467 523 521 610 τὴν
544 521 683 588 Κασπίαν
715 521 871 588 θάλασσαν
895 514 1057 608 ἐρεύγεται,
1092 522 1212 585 πολλῶν
1235 521 1265 593 ἐς
1289 517 1377 584 αὐτὸν

231 634 423 721 ἐμβαλόντων
446 638 586 720 ποταμῶν
609 630 660 696 καί
684 632 820 718 μεγίστου
846 631 964 697 πάντων
989 627 1127 717 Ἀράέοο.
1172 631 1251 692 Plut.
1274 631 1376 712 Pomp.

234 747 274 806 34
297 765 319 804 s.
343 741 498 830 διαβάντες
520 739 569 806 τόν
592 739 708 826 Κύρνον
732 739 873 826 ποταμόν,
897 741 928 814 ὃς
961 741 995 804 ἐκ
1025 744 1084 804 τῶν
1108 738 1264 826 ’λβηρικῶν
1298 738 1376 824 ὀρῶν

231 850 423 938 ἀνιστάμενος
459 849 509 916 καὶ
540 851 701 938 δεχόμενος
735 851 873 914 κατιόντα
900 848 949 914 τόν
975 848 1102 936 Ἀράξην
1137 849 1186 913 ἀπ’
1211 840 1374 933 Ἀρμενίας

230 959 324 1046 ἐξίησι
347 961 468 1025 δώδεκα
491 960 532 1033 είς
555 958 588 1024 τό
604 959 752 1024 Κάσπιον.
800 965 839 1024 35
864 956 1009 1045 Ἀλβανοί
1032 956 1066 1022 δὲ
1090 956 1180 1030 αὖθις
1202 957 1372 1044 ἀφεστῶτες

233 1063 313 1153 αὐτῷ
350 1065 630 1152 προσηγγέλθησαν.
685 1063 766 1152 Πρός
801 1064 850 1138 οὓς
893 1063 941 1128 ὑπ’
975 1061 1067 1150 ὀργῆς
1103 1060 1153 1128 καί
1189 1061 1375 1156 φιλονεικίας

231 1175 408 1262 ἐπιστρέψας
430 1175 478 1240 τόν
502 1199 534 1239 τε
558 1167 672 1262 Κάρνον
699 1175 781 1260 μόλις
804 1173 854 1239 καὶ
880 1173 1061 1261 παραβόλως
1084 1171 1172 1238 πάλιν
1197 1172 1374 1258 διεπέρασεν

231 1283 281 1350 ἐπί
303 1283 375 1350 πολὺ
400 1289 537 1370 σταυροῖς
560 1282 616 1349 ὑπό
639 1289 697 1350 τῶν
722 1283 882 1372 βαρβάρων
906 1282 1225 1370 ἀποκεχαρακωμένον.
1285 1286 1376 1346 Hunc

229 1399 352 1458 fluvIum
389 1419 407 1456 a
442 1397 618 1479 geographis
651 1405 799 1479 receptum
832 1416 894 1458 esse
931 1405 1156 1457 consentaneum
1186 1403 1238 1456 est.
1290 1394 1374 1456 Idem

231 1503 320 1583 vulgo
352 1499 451 1588 Κῦρος
489 1503 673 1585 appellatur3
710 1505 787 1565 Ptol.
817 1505 847 1566 V
872 1508 929 1580 12,
954 1507 971 1564 2
1011 1504 1174 1584 complures
1212 1504 1329 1566 codices
1339 1501 1374 1584 l).

232 1601 350 1696 Κόρρος
382 1612 522 1674 exhibent
543 1630 658 1688 nornen,
692 1612 815 1674 fortasse
843 1620 953 1674 rectum
985 1621 1014 1674 ct
1048 1613 1277 1692 comparandum
1310 1633 1375 1674 oum

233 1711 356 1805 Κόρνος.

317 1829 417 1890 Minus
448 1829 601 1910 probabile
631 1837 676 1890 est
698 1830 847 1890 Valerium
879 1833 912 1889 in
940 1830 997 1890 hoo
1026 1833 1144 1890 nomine
1172 1829 1314 1908 fingendo*
1339 1830 1377 1893 de

231 1939 330 2021 Oymo
352 1938 460 2021 oppido
482 1937 589 2001 Cariae
611 1940 755 2020 (Diouv
780 1940 833 2020 60)
856 1947 907 2000 aut
928 1939 965 2000 dc
988 1938 1101 2000 Graeco
1123 1943 1240 2000 nomine
1261 1940 1376 2001 insulae

231 2049 366 2111 Corsicae
397 2052 546 2128 cogitasse.
595 2051 666 2110 Fuit
700 2053 789 2110 otiam
824 2049 984 2110 humanum
1012 2069 1118 2110 nomen
1146 2037 1261 2132 Κόρνος
1295 2048 1375 2130 apud

231 2157 361 2220 Graecos
375 2159 555 2240 Valerquua
576 2179 614 2219 ox
629 2157 804 2236 I'heognida
826 2166 926 2218 notum
949 2166 1027 2235 στοις
1051 2158 1103 2219 sed
1125 2180 1190 2220 oum
1212 2158 1250 2220 de
1263 2157 1375 2221 Colcho

231 2277 336 2348 agatur
357 2268 483 2329 barbara
506 2271 588 2348 origo
611 2270 738 2328 nominis
760 2268 847 2344 longe
866 2267 1058 2347 praeferenda
1081 2276 1132 2328 est.

318 2383 418 2439 Dahae
450 2377 495 2457 (II
520 2377 603 2458 157).
647 2377 716 2436 Non
747 2375 867 2458 dubito,
904 2379 976 2456 quin
1008 2386 1109 2438 auctor
1137 2378 1250 2439 Valerii
1272 2379 1376 2439 Dahas

230 2487 432 2569 descripserim
463 2496 561 2548 tamen
585 2485 718 2548 Valerius
740 2486 772 2544 II
797 2487 856 2545 157
891 2485 993 2546 Dahas
1025 2490 1068 2546 ita
1100 2489 1184 2548 affert
1211 2497 1245 2548 ut
1275 2492 1374 2550 statim

230 2605 370 2680 appareat
392 2615 457 2658 eum
480 2596 554 2657 hanc
575 2603 692 2674 gentem
714 2616 773 2655 non
796 2595 833 2654 ab
856 2603 973 2656 auctore
995 2597 1189 2678 geographico
1208 2602 1372 2678 sumpsisse.

231 2705 363 2786 Legebat
384 2703 485 2764 Dahas
508 2701 587 2784 apud
610 2702 737 2781 aliquem
759 2710 883 2782 poetam,
905 2711 939 2762 ut
960 2703 1077 2764 videtur
1096 2705 1183 2784 Vorg.
1208 2705 1280 2766 Aen.
1293 2706 1371 2768 VIII

232 2815 304 2890 728,
327 2817 356 2874 et
378 2809 529 2892 epitheton
552 2806 766 2883 indomitorum,
789 2807 870 2889 quod
884 2809 1034 2888 Vergilius
1057 2813 1099 2871 eis
1121 2812 1232 2887 tribub,
1255 2809 1374 2872 uberius

231 2921 273 2984 sic
295 2917 446 3002 depinxit:

770 3025 841 3082 acue
863 3031 984 3086 aueum

520 3133 593 3204 quod
610 3134 739 3204 paneam
761 3137 864 3192 οοεοόκι
887 3138 985 3196 naua.

231 3239 305 3303 (λκιο
336 3257 373 3299 ex
405 3235 536 3317 Vergilio
567 3258 626 3298 non
657 3246 798 3320 appareat
828 3241 880 3302 ubi
910 3242 994 3304 sedes
1016 3243 1144 3304 habeant
1166 3247 1290 3305 coniecit
1312 3264 1375 3306 esse

229 3349 369 3409 Thracas.
414 3345 507 3406 Vides
541 3354 651 3427 quanta
682 3348 792 3409 Valerii
827 3353 950 3412 scientia
982 3372 1077 3413 rerum
1113 3354 1374 3434 geographicarum

228 3458 316 3518 fuerit
346 3454 397 3515 ubi
428 3463 574 3516 auctorem
608 3477 692 3517 suum
722 3479 781 3519 non
815 3461 968 3522 consuluit.
1015 3463 1138 3524 Poetam
1161 3467 1278 3525 omnino
1302 3465 1374 3546 Scy-

229 3565 345 3624 tharum
376 3571 407 3623 et
434 3564 584 3624 Thracum
618 3574 719 3644 gentes
751 3571 783 3627 in
813 3589 903 3630 unum
940 3570 1105 3632 confudisse
1138 3574 1289 3654 Langeno·
1314 3595 1374 3636 non

230 3669 363 3732 concedo.

317 3784 433 3856 Daraps
454 3781 510 3860 (VI
535 3783 596 3863 66).
642 3783 759 3866 Daraps
790 3785 913 3866 Scythes
944 3807 1050 3850 nomen
1083 3794 1197 3871 accepit
1229 3792 1267 3854 ab
1301 3792 1374 3856 urbe

227 3889 363 3949 Bactriae
384 3889 529 3971 Darapsa,
551 3912 626 3972 quae
648 3892 735 3956 hodie
757 3894 898 3956 Anderab
921 3897 1092 3978 appellatur.
1139 3899 1244 3962 Strabo
1266 3923 1294 3982 p.
1309 3905 1369 3964 516

229 3994 328 4066 πόλεις
353 3992 460 4082 δἐἶχον
483 3994 519 4060 τά
540 4020 572 4059 τε
594 3997 738 4083 Βάκτρα,
770 4000 863 4084 ἥνπερ
893 3998 945 4064 καὶ
968 3999 1143 4086 Ζαριάσπαν
1166 4007 1310 4088 καλοῦσι,
1335 4007 1371 4092 ἣν

229 4102 343 4189 διαρρεῖ
376 4105 533 4190 ὁμώνυμος
565 4105 697 4192 ποταμός
728 4105 883 4193 ἐκβάλλων
916 4109 957 4180 είς
987 4107 1036 4174 τόν
1055 4100 1143 4183 Ὦξον
1165 4111 1215 4178 καὶ
1239 4113 1368 4205 Δάροιψα

247 4352 253 4386 t
299 4337 433 4488 βριλλλτεη
451 4337 624 4412 Geographie
644 4340 694 4397 der
716 4341 851 4398 Grioohon
877 4341 933 4400 und
949 4343 1050 4402 Romen
1068 4347 1120 4403 111¹
1138 4365 1165 4418 ρ.
1185 4351 1250 4418 23ος
1275 4351 1373 4410 Nohbe

227 4433 263 4489 in
275 4431 305 4488 in
326 4431 373 4490 'ce
