3190 4956
777 257 816 315 25

313 436 405 509 Loca,
436 443 553 514 gentes,
584 432 693 512 oppida
732 441 784 491 etc.
815 429 860 489 vel
900 427 1078 488 carminibus
1107 427 1155 486 vel
1189 424 1310 484 fabulis
1326 424 1375 482 vel

226 545 343 605 deorum
367 545 448 604 cultu
470 545 517 605 vel
540 545 599 604 situ
614 544 773 618 notissimo,
796 543 894 598 itaut
917 537 953 597 de
976 546 1092 597 auctore
1107 535 1303 617 geographico
1327 553 1373 592 co·

226 653 378 733 gitandum
401 675 460 712 uon
482 657 528 713 sit.
1206 648 1208 652 ’

315 769 384 822 Aea.
410 769 497 822 Almo.
530 769 620 836 Atyras.
645 767 774 835 Alpheus.
798 767 958 839 Amymone.
987 765 1082 835 Aryus
1094 765 1153 818 III.
1185 763 1285 817 Atraa.
1309 763 1373 818 Bis·

227 883 308 932 tones.
343 878 465 932 Boebeis.
495 873 659 931 Oaledenius
680 892 797 930 maanus
820 871 920 948 (notus
942 868 1028 928 rebus
1057 871 1147 946 gestis
1169 867 1373 946 Vespasiani).

229 983 320 1057 Oalpe.
360 984 489 1058 Calydon.
523 985 690 1056 Oaphareus.
727 981 839 1040 cauas
876 981 1024 1040 ohaam.
1062 981 1216 1040 Cithaeron.
1256 980 1374 1036 Olarius.

229 1091 352 1150 Oeonas.
393 1090 544 1163 Cleopatra.
580 1092 681 1168 Oytaei.
720 1089 845 1165 Oylhera.
889 1092 1039 1148 Daedalus.
1081 1091 1233 1164 Dindyma.
1269 1089 1373 1146 Ederoi.

230 1203 430 1276 Erymanthus.
464 1201 551 1275 Erya.
583 1201 708 1258 Euboea.
740 1202 874 1271 Butrium
907 1202 1040 1258 Eurotas.
1072 1200 1198 1256 Galatea.
1231 1199 1371 1270 Oaryara.

228 1311 385 1368 Geraeslus.
407 1313 522 1384 Gortyn.
545 1312 671 1366 Haemus
681 1303 711 1386 1).
744 1312 897 1382 Hippasus.
922 1311 1076 1384 Hymetius.
1100 1310 1183 1365 Jasia
1203 1311 1285 1379 airyo.
1310 1311 1372 1363 Ida.

229 1422 361 1476 Idalium.
397 1422 495 1475 Idume
519 1417 572 1494 (=
598 1417 821 1496 Hierosolyma,
853 1425 922 1474 noia
953 1415 1029 1475 bello
1056 1415 1250 1494 Vespasiani).
1298 1420 1372 1475 Indi.

229 1531 342 1599 Inopus.
362 1531 489 1586 Isthmus.
514 1531 634 1600 Layeus.
652 1529 789 1586 Latmius.
814 1530 932 1601 Leleyes.
955 1530 1055 1602 Libya.
1080 1529 1199 1598 Lipara.
1216 1528 1372 1600 Lycuryus.

230 1642 355 1696 Macetae.
393 1641 523 1696 Maurus.
562 1641 707 1710 Memphis.
743 1641 904 1712 Monychus.
943 1641 1081 1714 Mycenae.
1118 1638 1231 1694 Nemea.
1264 1637 1373 1693 Nessus.

231 1751 321 1807 Nilus.
356 1749 502 1806 Nonacris.
537 1749 684 1821 Nyctelius.
722 1749 864 1822 Odrysius.
904 1749 1052 1806 Oebalides.
1085 1748 1215 1822 Oyyyius.
1253 1746 1374 1803 Olenius.

231 1853 341 1931 (Olenii
359 1853 458 1934 Tydei
481 1856 657 1915 mentionem
681 1853 753 1912 Stat.
781 1854 874 1914 Theb.
898 1855 913 1912 I
938 1857 999 1914 402
1024 1873 1061 1914 ex
1085 1853 1204 1912 Valerio
1227 1859 1376 1912 mutuatus

233 1973 282 2023 est.
327 1965 497 2024 Lactantius
520 1963 597 2022 hunc
610 1963 696 2022 Statii
720 1964 816 2022 locum
838 1966 880 2022 ita
903 1963 1041 2041 explicat:
1073 1961 1226 2042 „Calydon
1248 1961 1376 2021 Pleuron

233 2082 262 2132 et
284 2072 392 2132 Olenus
424 2076 558 2132 civitates
590 2082 657 2131 sunt
680 2072 831 2148 Aetoliae,
861 2071 938 2132 unde
969 2071 1025 2132 fuit
1047 2069 1169 2150 Tydeus
1192 2079 1279 2150 atque
1308 2069 1375 2130 idco

232 2180 316 2243 modo
338 2179 475 2242 Olenium
499 2179 572 2240 dicit
594 2179 680 2240 modo
701 2179 896 2262 Calydonium
917 2178 1005 2238 modo
1028 2179 1243 2238 Pleuronium.“
1291 2175 1376 2252 Quae

150 2311 151 2314 ¹
231 2293 287 2350 tria
310 2289 417 2370 oppida
440 2290 576 2350 Aetoliae
598 2290 817 2370 reperiebantur
840 2289 875 2350 Il.
899 2290 930 2348 II
955 2291 1052 2364 usas,
1077 2287 1201 2367 Tydeus
1224 2286 1375 2366 Calydone
1459 2343 1460 2347 ,

231 2397 371 2458 oriundus
399 2398 436 2456 ab
458 2398 588 2458 Homero
611 2393 757 2468 Αἰτώλιος
788 2397 952 2478 appellatur
974 2398 1009 2457 Il.
1034 2398 1078 2458 IV
1099 2400 1169 2457 399.
1214 2397 1261 2456 Ita
1284 2397 1375 2476 expli-

230 2517 312 2568 catur
334 2528 385 2568 cur
408 2505 530 2567 Olenius
557 2507 722 2586 appelletur
744 2528 919 2587 quamquam
943 2505 1077 2586 Calydon
1100 2509 1197 2586 patria
1219 2509 1280 2566 eius
1303 2506 1374 2584 est).

232 2621 345 2678 Orestes.
379 2620 465 2676 Ostia.
492 2621 597 2676 Padus.
631 2621 760 2676 Pacorus.
795 2621 952 2675 Panelraea.
977 2621 1135 2691 Panyaeus.
1171 2621 1268 2676 Paros.
1300 2621 1373 2674 Par·

206 2748 337 2802 ¹crassus.
362 2729 484 2784 Pelorus.
519 2730 622 2784 Peneia
644 2731 751 2786 laurus.
777 2731 921 2786 Pentheus.
954 2730 1049 2784 Perses
1072 2725 1117 2804 (cf.
1141 2746 1169 2806 p.
1195 2726 1225 2804 ὃ)
1250 2730 1373 2786 Perseus.

232 2839 363 2894 Phaetan.
383 2839 502 2894 Pharus.
528 2838 635 2893 Pholoe.
654 2838 784 2910 Phryyes.
809 2839 925 2894 Pindus.
952 2838 1027 2893 Pisa.
1046 2838 1156 2893 Pleione
1180 2834 1227 2912 (ex
1245 2831 1373 2910 ovidio).

233 2947 433 3004 Porthaonides
457 2944 505 3021 (ex
529 2941 584 3002 Ov.
607 2951 673 3004 met.
699 2943 774 3002 VIII
799 2943 875 3022 541)
908 2949 1007 3020 Pyrois
1030 2943 1078 3021 (ex
1102 2940 1222 3020 ovidio)
1252 2946 1372 3018 Pyrrha.

229 3055 366 3125 Rhodope.
398 3056 526 3112 Rhoetus.
561 3056 706 3126 Riphaeus
729 3051 815 3132 (haec
837 3072 896 3110 vox
919 3055 1109 3112 usitatissima
1132 3060 1208 3124 arat,
1231 3060 1264 3109 ut
1289 3070 1373 3132 „sap-

230 3160 440 3220 temtn'onalis“
467 3170 517 3220 aut
544 3159 734 3240 ,‚Scythicus“
761 3161 981 3238 significaretur,
1012 3181 1106 3240 neque
1129 3161 1214 3220 aliter
1236 3161 1374 3220 Valerius

230 3289 264 3328 ea
286 3272 383 3330 utitur.
430 3271 583 3352 Riphaeus
605 3271 768 3350 triumphus
790 3271 835 3330 VI
861 3275 919 3330 116
944 3292 1003 3330 non
1027 3293 1044 3330 a
1067 3272 1185 3331 Valerio
1216 3272 1300 3330 fictris
1322 3272 1374 3334 sad

158 3361 159 3365 Ἰ
232 3397 269 3437 ex
299 3399 394 3438 rerum
425 3377 614 3457 scriptoribus
644 3377 802 3436 translatus
831 3388 890 3453 est,
924 3382 974 3457 qui
1003 3378 1112 3438 Herod.
1136 3379 1151 3438 I
1176 3382 1202 3437 6.
1229 3381 1276 3436 lh.
1303 3382 1372 3440 103.

229 3487 271 3545 IV
300 3491 323 3546 l.
351 3493 397 3546 11.
424 3491 470 3545 12.
492 3487 554 3546 VII
580 3490 619 3544 20
642 3489 731 3545 secuti
755 3507 878 3564 magnas
901 3488 1075 3566 Scytharum
1099 3496 1128 3546 ot
1151 3487 1372 3548 Cimmeriomm

229 3598 408 3656 incursiones
430 3598 460 3656 iu
485 3595 587 3656 Asiam
610 3595 703 3656 factas
725 3604 852 3656 narrant.
904 3597 1018 3656 Harum
1040 3599 1237 3656 incursionum
1260 3600 1373 3673 magni-

230 3705 361 3765 tudinem
374 3706 511 3765 Valen‘us
534 3707 649 3784 poetica
664 3706 784 3765 lieentia
806 3705 1026 3787 amplificavit).
1072 3711 1181 3766 Sabaei.
1206 3710 1373 3767 Salmoneus.

230 3818 412 3874 Samothrace.
445 3815 564 3874 Sindus.
599 3819 693 3874 Sidon
729 3820 929 3891 Sympleyades.
961 3820 1061 3892 Syrtes.
1092 3821 1245 3876 Taenarus.
1275 3821 1372 3876 Tauri.

303 4002 329 4070 1)
348 4001 494 4068 Langenus
514 4000 549 4054 ad
570 4003 579 4053 l
600 4005 634 4055 24
658 4002 747 4070 postis
777 4017 898 4056 errorem
917 4002 1130 4070 geographicum
1155 4003 1239 4056 obicit
1265 4003 1372 4058 dicens:

229 4093 365 4147 interdum
394 4111 412 4147 a
437 4095 525 4164 poetis
552 4095 678 4148 Haemus
708 4112 794 4163 usque
820 4096 851 4148 in
883 4096 1052 4149 Thessaliam
1075 4096 1210 4164 pertinere
1235 4098 1373 4151 statuitur.

229 4186 306 4240 Hanc
325 4202 382 4240 rem
395 4185 526 4241 facillime
544 4186 607 4240 inde
626 4179 759 4256 explicari
777 4193 843 4256 puto
865 4187 937 4255 quod
950 4189 1094 4242 Thessalia
1113 4189 1272 4258 saepissime
1291 4192 1373 4244 etiam

228 4279 380 4335 Haemonia
398 4281 563 4348 appellatur.
594 4280 672 4347 Quod
689 4297 786 4336 nomen
799 4282 907 4336 minime
920 4283 1068 4337 cohaerere
1087 4297 1147 4334 cum
1160 4283 1263 4336 Haemo
1283 4289 1374 4338 monta

229 4371 283 4426 iam
302 4371 365 4426 inde
384 4372 475 4440 colligi
494 4377 595 4441 potest,
614 4372 687 4440 quod
706 4373 733 4426 in
754 4372 916 4442 Arcadibus,
937 4374 983 4444 qui
1003 4373 1123 4429 eiusdem
1143 4374 1238 4445 stirpis
1258 4380 1322 4428 sunt
1342 4392 1373 4433 ac

229 4463 364 4533 Thessali,
384 4463 514 4536 oppidum
534 4462 652 4538 Alpenoi
671 4471 738 4523 erat.
