3190 4956
810 229 850 288 60

261 401 379 476 regione
400 398 527 477 ponendi
551 409 624 460 sunt.
669 401 716 461 De
739 409 885 461 armatura
911 421 1009 463 corum
1025 403 1161 463 Valerius
1178 404 1222 462 VI
1249 405 1308 462 160
1332 402 1406 461 haec

262 513 378 564 narrat:

434 619 514 675 ibant
535 626 560 675 ct
581 622 699 691 pcmtaio
721 627 869 692 aequantes
890 623 1018 678 aarum
1040 624 1100 679 aar

437 729 578 785 Balloniti.

263 848 418 910 Contortas
441 852 649 932 explicationes
672 851 816 932 Wagneri
844 862 873 914 ct
894 854 1027 932 Langeni
1050 858 1148 932 mitto;
1178 877 1245 914 nem
1267 855 1406 915 Valerius

262 959 318 1018 hoc
339 959 426 1019 modo
448 981 566 1021 narrare
586 963 660 1022 solet
683 982 756 1042 quae
778 961 920 1022 notabilia
941 971 1016 1037 sunt,
1040 984 1099 1022 non
1122 984 1179 1044 qua
1200 964 1275 1024 forte
1293 966 1406 1023 rationo

263 1069 340 1127 acies
373 1070 512 1128 instructa
543 1073 588 1129 sit.
633 1071 729 1130 Multo
757 1074 877 1151 propius
907 1069 945 1128 ad
976 1090 1074 1131 veram
1105 1071 1329 1152 explicationem
1359 1093 1406 1131 ac-

264 1175 342 1236 cedit
363 1177 491 1252 Kostlin,
513 1177 663 1256 Philologi
684 1178 740 1237 vol.
765 1181 815 1250 48,
838 1199 866 1258 p.
892 1181 961 1237 665.
1007 1179 1102 1238 Arcus
1124 1179 1299 1258 Scytharum
1331 1178 1404 1238 duo·

263 1285 318 1344 bus
347 1284 483 1344 cornibus
513 1286 688 1362 compositos
719 1283 809 1342 firisse
838 1282 929 1342 tradit
950 1284 1054 1344 Eusth.
1079 1284 1118 1342 ad
1141 1286 1228 1345 Dion.
1253 1285 1316 1344 Per.
1344 1285 1404 1344 157

263 1387 396 1453 Σκυθικὰ
420 1387 453 1452 δὲ
475 1390 545 1458 τόξα
567 1386 604 1450 τὰ
627 1387 660 1450 ἐκ
683 1385 815 1473 κεράτων
840 1387 1037 1472 συγκείμενα.
1072 1391 1161 1450 Ponti
1174 1392 1286 1450 Euxini
1308 1392 1404 1469 figura

262 1521 327 1558 cum
351 1499 488 1578 Scythico
511 1519 581 1556 arcu
603 1518 653 1556 cur
675 1507 890 1577 compararetur
911 1519 968 1557 uon
991 1499 1234 1576 intellegeremus,
1257 1502 1313 1556 nisi
1338 1507 1402 1557 arta

262 1608 354 1666 forma
377 1606 509 1687 Scythici
531 1625 614 1665 arcus
636 1609 679 1664 ita
701 1605 876 1665 efficeretur:
899 1607 1075 1686 reliquarum
1098 1611 1229 1686 gentium
1246 1628 1329 1666 arcus
1344 1615 1404 1666 tam

261 1718 342 1795 longi
372 1725 401 1776 et
430 1718 542 1795 proceri
574 1722 673 1789 crant,
705 1723 737 1774 ut
759 1735 825 1774 cum
846 1715 893 1774 his
915 1716 1042 1774 Pontum
1064 1717 1214 1776 Euxinum
1236 1735 1406 1797 comparare

263 1843 322 1882 non
343 1824 437 1884 liceat.

349 1937 507 1992 Bastarnae
539 1931 596 2009 (VI
632 1930 692 2009 90).
747 1930 882 1990 Valerius
913 1931 1121 1989 Bastarnarum
1158 1950 1263 1990 nomen
1297 1934 1406 1990 omissa

262 2036 375 2098 litteras
411 2042 454 2097 ita
486 2041 682 2118 comparavit,
716 2046 750 2096 ut
781 2038 833 2096 fini
871 2056 972 2097 versus
1002 2047 1190 2114 congrueret;
1227 2041 1300 2097 satis
1333 2041 1407 2098 mire

263 2147 435 2223 scripturam
457 2151 585 2221 novavit,
615 2168 680 2206 cum
703 2146 754 2205 alii
777 2167 878 2206 versus
900 2147 955 2206 loci
979 2147 1034 2206 hoc
1056 2167 1161 2206 nornen
1183 2169 1241 2206 non
1263 2157 1406 2206 mutatum

263 2256 418 2332 patiantur.
463 2257 607 2336 Exempla
629 2259 777 2314 nominum
799 2259 841 2314 ita
863 2265 1095 2335 comparatorum
1117 2276 1175 2314 non
1197 2277 1292 2335 pauca
1323 2275 1405 2334 repe-

263 2364 390 2422 riuntur:
422 2365 522 2424 scribit
551 2368 614 2444 ipse
642 2364 776 2424 Valerius
799 2363 843 2422 VI
868 2366 906 2422 67
941 2368 1030 2423 Gerus
1064 2385 1115 2442 pro
1145 2368 1268 2423 Geretae
1291 2365 1339 2422 111
1364 2367 1404 2423 34

266 2477 414 2535 Procneson
445 2495 497 2553 pro
529 2479 729 2547 Proconnesos,
761 2473 859 2552 Apoll.
888 2471 1018 2531 RhodI
1052 2475 1122 2532 925.
1147 2473 1191 2531 IV
1218 2474 1298 2531 1175
1323 2467 1406 2554 Χέρ-

262 2602 351 2662 ancer
374 2603 427 2661 pro
451 2577 654 2664 Χερῥόνησος,
686 2581 730 2640 VI
756 2571 816 2640 135
841 2585 1026 2657 Tlnsrsaqctoe
1055 2601 1108 2660 pro
1134 2583 1311 2656 Tyrsapetae:
1344 2580 1405 2659 Ly-

263 2691 390 2771 cophron
428 2695 499 2754 695.
532 2694 612 2750 1427
647 2685 795 2772 Κίμμεροι
828 2711 880 2769 pro
920 2684 1095 2770 Κιμμέριοι;
1131 2689 1296 2759 Brittanni,
1329 2707 1407 2767 quae

263 2799 356 2858 forma
378 2809 486 2860 certam
508 2801 596 2860 fidem
617 2800 714 2873 habet,
736 2803 829 2879 poetis
852 2800 966 2858 Latinis
985 2797 1094 2877 ubique
1109 2798 1248 2858 Br1tanni
1271 2795 1404 2856 audiunt.

262 2907 350 2968 Dion.
374 2910 439 2969 Per.
465 2911 526 2969 304
550 2904 687 2989 Σαμάται
708 2928 762 2988 pro
778 2902 939 2989 Σαρμάται.
985 2907 1122 2965 Formam
1138 2911 1285 2964 Batoraae
1307 2924 1406 2964 veram

263 3033 325 3074 esse
347 3016 463 3073 omnino
488 3034 548 3072 non
571 3011 650 3072 credi
672 3021 776 3092 potest.
821 3010 993 3070 Traduntur
1015 3010 1091 3070 duae
1113 3009 1222 3069 formae
1247 3011 1333 3069 huius
1355 3029 1405 3068 no·

263 3123 358 3195 minis,
387 3142 460 3201 quae
481 3130 578 3180 tamen
601 3120 705 3182 ambae
726 3121 854 3180 litteram
877 3141 890 3179 s
913 3123 1069 3180 continent.
1114 3120 1276 3178 Bastarnae
1298 3117 1404 3197 Polyb.

266 3231 349 3303 26,e.
394 3229 513 3290 Cassius
542 3230 602 3289 Dio
627 3233 676 3305 38,
699 3257 735 3295 10.
760 3231 808 3304 51,
831 3255 866 3295 23.
920 3229 984 3288 Liv.
1009 3231 1060 3303 40,
1075 3253 1096 3293 a.
1114 3255 1148 3293 μ.
1184 3230 1232 3301 57,
1248 3253 1269 3291 s.
1303 3229 1405 3299 41,19.

263 3337 344 3398 Mon.
368 3338 440 3398 Anc.
465 3338 513 3399 Gr.
540 3341 593 3401 ool.
618 3340 652 3400 V.
698 3340 786 3402 Dion.
809 3339 874 3398 Per.
899 3341 960 3398 303
992 3338 1080 3397 schol.
1112 3337 1210 3417 steph.
1238 3337 1309 3414 Byr.
1334 3335 1406 3414 Scy·

263 3468 348 3506 mnus
372 3451 441 3508 797.
486 3447 663 3526 Anonper.
689 3451 737 3506 63.
783 3446 889 3506 Strabo
911 3467 939 3526 p.
966 3449 1014 3507 93.
1044 3449 1113 3504 128.
1139 3447 1210 3505 289.
1237 3446 1307 3503 294.
1333 3445 1404 3502 296.

265 3559 334 3616 305.
359 3561 430 3617 306.
474 3558 544 3616 Tac.
569 3557 665 3616 Germ.
690 3559 738 3615 46.
762 3577 827 3614 ann.
851 3556 883 3613 II
908 3559 956 3614 65.
1002 3556 1079 3614 Plut.
1103 3553 1226 3614 defert.
1250 3553 1333 3613 Rom.
1358 3555 1406 3611 11.

265 3665 370 3724 Athen.
394 3667 423 3724 V
448 3667 531 3725 213¹).
577 3666 651 3724 'ran
681 3665 762 3725 Peut.
785 3663 961 3723 Willmanns
990 3667 1075 3722 inser.
1102 3667 1192 3723 1145.
1239 3659 1341 3721 Claud.
1371 3660 1408 3721 de

265 3773 311 3832 IV
334 3793 410 3832 cons.
432 3773 510 3832 Hon.
535 3775 605 3832 450.
651 3771 755 3832 Avien.
781 3775 854 3833 442.
900 3773 1018 3849 Trogus
1040 3771 1112 3850 prol.
1138 3774 1187 3832 28.
1234 3771 1342 3830 Justin.
1357 3773 1406 3844 32,

268 3885 295 3957 3,
312 3907 348 3947 1⁶.
375 3885 424 3954 38,
450 3885 477 3956 3,
493 3908 513 3947 s.
558 3882 715 3941 Basternae
744 3881 819 3940 Plut.
850 3879 932 3940 Aem.
964 3879 1086 3938 Paullus
1111 3883 1137 3938 9.
1165 3881 1211 3938 12.
1258 3875 1407 3955 Oosmogr.

267 3995 315 4050 26.
362 3986 468 4052 Claud.
491 3989 528 4048 de
550 4011 628 4048 cons.
653 3989 715 4049 Stil.
740 3989 755 4048 Ι
780 3991 828 4047 90.
874 3988 1001 4067 Appian.
1026 3987 1123 4044 Mithr.
1150 3987 1197 4044 15.
1243 3985 1336 4058 1114,
1359 3987 1407 4045 22.

266 4098 380 4158 Maced.
408 4103 491 4171 11,1.
536 4099 613 4157 Plin.
637 4098 680 4172 IV
705 4102 754 4157 81.
788 4100 857 4155 100.
903 4096 1048 4154 Memnon.
1073 4114 1134 4172 cap.
1161 4097 1209 4153 39.
1256 4096 1338 4154 Butr.
1362 4095 1408 4153 IX

269 4212 318 4268 25.
364 4208 470 4266 Zosim.
494 4206 510 4264 I
534 4206 582 4262 71.
628 4201 710 4262 Oros.
733 4203 778 4262 IV
803 4205 852 4260 20.
876 4200 937 4260 VII
962 4203 1010 4258 25.
1055 4201 1119 4258 Liv.
1143 4221 1202 4279 per.
1232 4204 1298 4260 134.
1337 4201 1409 4259 Pro·

269 4341 330 4402 cop.
354 4318 391 4380 de
414 4315 498 4382 aedil.
522 4314 565 4372 IV
592 4317 639 4380 11.
685 4310 770 4375 Jord.
794 4310 859 4374 Get.
883 4309 948 4371 XII
972 4311 1019 4369 74,
1066 4309 1141 4370 Ptol.
1165 4309 1214 4368 III
1239 4313 1266 4384 5,
1284 4335 1306 4376 r.
1353 4308 1409 4368 Oa-
