3190 4956
754 267 791 327 17

199 435 255 496 dus
278 445 330 496 est.
377 437 527 498 Habemus
558 442 677 498 nomina
709 449 741 499 ut
770 433 921 523 ild-tm,
956 464 1079 523 quorum
1110 444 1349 525 hypocoristieon

203 546 301 618 nopes
323 550 372 602 est.

291 656 397 725 Harpe,
422 657 503 730 Lpee,
529 659 601 713 Thoe
624 654 821 716 Amazonides
845 678 862 714 a
885 656 1004 716 Valerio
1027 659 1069 716 ita
1091 659 1255 739 appellatae
1281 669 1349 720 sunt

201 769 233 819 ut
255 759 386 820 celeritas
409 764 633 841 exprimeretur,
656 772 688 821 ut
718 772 795 822 reete
817 763 974 841 Langenus
997 764 1035 823 ed
1058 765 1102 826 Vl
1127 769 1188 826 374
1219 771 1347 848 exponit.

201 871 273 928 Item
303 875 451 945 Menippea
481 891 586 930 nomen
616 874 790 931 conveniens
820 872 964 932 Amazoni
994 881 1045 932 est.
1089 873 1204 934 Nomen
1231 876 1348 956 Harpeo

200 979 232 1034 in
255 996 341 1034 auum
363 997 448 1036 usum
471 981 613 1038 convertit
636 979 725 1038 Silius
748 979 780 1038 ΙΙ
807 983 885 1053 117,
921 1000 978 1060 quo
1007 979 1148 1061 probatur
1177 981 1262 1041 nobie
1291 981 1348 1042 hoo

202 1105 310 1144 nomeu
332 1105 392 1144 nou
416 1095 580 1166 corruptum
602 1107 666 1148 ease
689 1108 726 1148 ex
749 1094 859 1164 Marpa
884 1107 958 1170 quae
981 1089 1140 1150 Ammonis
1163 1090 1240 1170 apud
1260 1090 1347 1155 Diod.

206 1193 252 1252 IV
278 1198 325 1268 16,
351 1198 368 1254 3
392 1198 544 1256 invenitur.

290 1302 375 1359 Helm
406 1299 464 1378 (VI
488 1304 570 1379 570).
616 1303 754 1362 Fortasse
777 1322 813 1363 ex
837 1301 892 1363 Ov.
916 1311 981 1364 met.
1005 1304 1033 1365 V
1057 1307 1115 1382 87;
1150 1313 1178 1364 et
1205 1303 1274 1363 alibi
1306 1304 1364 1364 le·-

201 1412 280 1487 gitur
301 1409 357 1470 hoo
379 1429 492 1486 nomen,
515 1419 548 1469 ut
569 1409 699 1489 Aleiphr.
723 1411 741 1472 1
766 1413 814 1471 37.

289 1527 386 1598 Hypso
408 1521 436 1600 (Ι
460 1519 545 1598 367).
591 1518 839 1598 Hypoeoristieon
861 1522 987 1578 nominis
1009 1519 1198 1600 Hypsipyles.

288 1634 421 1690 Laeaoor
444 1627 503 1707 (VI
529 1628 612 1704 686).
659 1627 726 1686 Hoe
756 1647 862 1687 nomen
886 1627 998 1688 Graece
1027 1628 1161 1688 similiter
1192 1629 1347 1690 formatum

205 1744 248 1795 est
270 1745 358 1817 atque
377 1728 549 1820 Ῥηξήνωρ,
573 1728 725 1817 Τεισάνωρ
750 1745 803 1795 ote.
1134 1724 1135 1728 ¹

287 1851 454 1906 Melnntlma.

291 1958 400 2028 Oereua,
424 1954 550 2015 Colchus
572 1953 617 2012 VI
643 1957 711 2012 251.

291 2061 373 2120 oua
394 2059 451 2138 (VI
476 2059 551 2138 638)
574 2057 646 2116 alibi
669 2078 728 2116 non
750 2056 871 2134 legitur,
905 2067 1004 2119 eontra
1033 2079 1138 2119 nomen
1172 2063 1266 2120 Olbiae
1288 2081 1347 2120 non

203 2165 246 2220 ita
268 2183 365 2222 rarum
387 2174 437 2224 eet.

291 2277 384 2333 Protie
406 2273 466 2354 (ΠΙ
492 2271 573 2350 158).
619 2271 689 2332 Non
711 2280 788 2332 reete
811 2273 967 2351 Langenus
989 2277 1020 2332 iu
1042 2273 1139 2334 iudice
1161 2273 1198 2334 de
1220 2274 1275 2334 hoe
1296 2295 1348 2334 no-

199 2379 278 2436 mine
308 2377 519 2438 dubitationem
553 2378 712 2454 signifieat3
747 2386 791 2437 est
819 2377 1057 2459 hypocoristieon
1083 2388 1161 2439 reete
1192 2376 1348 2438 formatum

200 2487 326 2544 nominis
349 2489 398 2565 qui
423 2495 468 2545 est
492 2481 669 2567 Πρώτιππυς
693 2485 856 2564 legiturque
878 2483 950 2544 ΟΙΑ
972 2485 1004 2544 H
1026 2487 1081 2545 No.
1108 2490 1147 2547 98
1171 2508 1197 2546 v.
1221 2491 1249 2546 4.

289 2599 402 2672 Pyrnos
421 2595 483 2673 (ΙΠ
508 2597 600 2670 112);
624 2593 658 2652 ef.
682 2591 829 2675 πορναῖος,
851 2596 870 2651 i.
895 2613 919 2653 e.
943 2602 1082 2654 maturus.

285 2703 397 2780 Sibotes
420 2703 475 2782 (Vl
501 2701 583 2780 249).

287 2815 414 2871 Telamon
437 2810 497 2890 (ΙΙΙ
521 2811 601 2886 140).
648 2808 836 2888 Quamquam
859 2807 931 2867 alibi
953 2827 1095 2888 nusquam
1118 2809 1226 2887 legitur
1247 2819 1345 2870 tamen

200 2922 309 2998 optime
340 2919 495 2978 formatum
525 2927 569 2978 est
601 2917 656 2977 hoo
686 2936 793 2976 nomen
822 2936 875 2976 neo
899 2915 1012 2975 Graeco
1035 2915 1152 2977 homine
1174 2917 1345 2996 indignum

203 3028 239 3088 ef.
265 3025 418 3103 Λαοκόων,
439 3019 616 3089 Ἱπποκόων.

181 3209 184 3215 .
288 3142 401 3215 lirantes
432 3139 477 3216 (ΙΙ
501 3139 577 3212 438)
612 3145 644 3195 ut
677 3133 812 3196 sacerdos
843 3142 920 3194 reete
949 3137 1115 3194 nominatus
1143 3144 1187 3195 est
1216 3136 1345 3196 averbo

203 3245 280 3326 quod
302 3254 346 3306 est
370 3244 469 3322 θυοῦν,
490 3249 534 3305 ita
556 3255 589 3304 ut
612 3248 650 3304 sit
672 3248 827 3304 turierema
850 3244 898 3303 vel
920 3243 1085 3303 turifieator.

459 3467 487 3524 g.
521 3445 650 3505 Nomina
672 3440 850 3502 Parthorum
875 3449 904 3501 et
928 3441 1087 3501 Persarum.

287 3588 423 3648 Valerius
445 3590 617 3666 magistrum
639 3605 723 3645 suum
744 3583 909 3662 Vergilium
931 3590 1060 3656 secutus,
1092 3582 1141 3662 qui
1165 3577 1293 3641 Orodem
1315 3584 1347 3640 in

200 3717 316 3758 carmen
338 3700 456 3778 recepit,
479 3695 621 3756 nonnulla
643 3695 819 3754 Parthorum
842 3696 961 3753 nomina
983 3691 1124 3752 adhibuit.

286 3811 596 3866 Monaeses-Monaesen
625 3804 683 3882 (VI
709 3805 777 3863 189.
802 3802 883 3882 651).
929 3791 1057 3882 Duplex¹
1077 3800 1170 3860 forma
1202 3820 1260 3859 uon
1287 3799 1346 3860 Va·

198 3915 264 3975 lorii
296 3915 416 3974 arbitrio
449 3913 587 3987 debetur,
616 3912 668 3972 sed
698 3913 822 3971 aliorum
855 3920 1005 3970 auctorum
1036 3912 1202 3970 testimonio
1226 3917 1350 3989 apparet

199 4022 252 4082 hae
284 4023 357 4084 duae
386 4025 495 4084 formas
525 4043 594 4084 vere
622 4022 726 4096 fuisse,
759 4021 891 4082 consulto
921 4023 1012 4099 igitur
1043 4020 1194 4080 Valerium
1225 4027 1348 4100 utraque

199 4152 283 4191 usum
306 4152 379 4193 esse.
417 4134 486 4192 Non
512 4140 590 4192 reete
606 4130 783 4211 Meynekius
809 4128 1016 4206 (Quaestioues
1038 4128 1226 4207 Valerianee)
1256 4149 1283 4208 p.
1307 4130 1345 4188 55

204 4247 346 4316 „aquodam
380 4249 450 4317 quin
471 4252 552 4314 poeto
588 4243 713 4300 Colchum
734 4251 852 4316 utroque
884 4245 939 4299 loeo
970 4245 1010 4299 ael
1038 4243 1183 4298 Menestam
1215 4243 1252 4296 uel
1284 4242 1346 4296 Mo·

199 4371 302 4410 naemu
336 4356 515 4426 appellaverit
547 4371 605 4410 neu
636 4354 763 4410 dubito“.
817 4349 909 4427 Fugit
945 4347 1137 4428 Meyuekium
1169 4365 1227 4405 non
1249 4365 1348 4420 unum,

200 4456 253 4518 sed
282 4457 358 4519 duos
379 4455 505 4519 Colchos
532 4474 602 4519 ease.
648 4454 841 4518 Scribendum
872 4473 977 4516 nomeu
1009 4473 1072 4514 esse
1099 4471 1151 4532 per
1173 4473 1220 4529 ae,
1242 4473 1302 4514 non
1324 4471 1350 4531 e,

1094 4565 1114 4620 2
