3190 4956
729 233 768 292 38

200 404 333 464 invenies
354 420 461 465 nomen
483 403 563 485 quod
585 411 629 466 est
649 399 814 488 Χορόαθος
837 404 886 465 vel
902 400 1103 489 XopoduilmJ
1116 409 1193 468 inter
1213 403 1293 486 quod
1316 408 1345 466 et

199 512 392 575 Choatrarum
399 523 518 592 'gentem
528 515 650 576 fortasse
671 519 806 594 cognatio
824 515 966 596 quaedam
980 515 1143 592 intercedit,
1159 524 1192 576 ut
1207 513 1344 594 degente

199 623 438 685 Rhoxolanorum
453 624 553 684 fictum
575 644 679 686 nomen
701 627 850 705 proprium
870 618 1065 695 Ῥευσίναλος
1087 625 1219 703 legimus,
1241 623 1344 682 Panti-

200 750 338 812 capaeum
352 731 383 791 N
383 751 408 790 ο.
420 735 468 792 86.
513 731 542 792 A
558 733 654 792 Tanai
670 731 777 813 oppido
795 731 938 793 Choatrae
956 753 1014 792 non
1036 735 1079 792 ita
1101 733 1189 811 longe
1211 731 1342 794 aberant.

199 839 337 901 Valerius
364 860 435 900 num
464 839 533 899 huic
561 843 641 919 genti
666 848 742 900 artes
772 843 902 919 magicas
931 849 1010 902 recte
1039 841 1173 900 tribuerit
1200 842 1343 899 incertum

200 954 252 1022 est,
275 946 410 1034 equidem
426 968 491 1007 oum
513 956 558 1008 tot
580 967 626 1008 res
641 948 821 1008 transtulerit
833 949 968 1008 Valerius
981 948 1068 1009 valde
1083 947 1194 1008 dubito.
1229 947 1344 1006 Tamen

199 1074 260 1115 non
281 1073 357 1133 nego
379 1055 443 1117 fieri
465 1059 594 1136 potuisse
616 1065 650 1116 ut
672 1055 750 1136 apud
772 1064 920 1116 auctorem
941 1056 1050 1116 similia
1071 1057 1223 1130 invenerit.
1261 1052 1346 1128 Quae

200 1161 237 1222 de
266 1161 340 1224 duce
371 1163 456 1224 finxit
487 1181 524 1222 ex
545 1161 632 1242 Verg.
664 1162 739 1223 Aen.
769 1163 832 1222 VH
865 1164 974 1223 750ss.
1006 1163 1168 1242 desumpsit
1200 1161 1345 1237 Valerius,

200 1275 296 1352 neque
318 1271 401 1332 abest
418 1274 544 1352 suspicio
567 1272 604 1332 ab
628 1291 661 1332 eo
684 1275 716 1331 in
737 1280 854 1350 gentem
870 1275 1036 1333 universam
1059 1278 1180 1331 extensa
1202 1289 1265 1330 esse
1287 1289 1345 1351 quo

200 1381 339 1440 maiorem
360 1379 447 1440 fidem
469 1379 618 1440 haberent.
1052 1457 1054 1462 ,

290 1490 431 1550 Cimmerii
453 1487 510 1568 (VI
528 1489 588 1568 61).
634 1487 742 1548 Mirum
772 1485 889 1547 videtur
920 1509 938 1545 a
959 1486 1079 1548 Valerio
1109 1485 1279 1547 Cimmerios
1311 1495 1345 1546 ut

200 1605 318 1677 gentem
339 1596 392 1657 illa
415 1604 511 1656 aetate
532 1603 696 1656 exstantem
718 1596 828 1674 afferri3
850 1596 940 1674 vulgo
964 1594 1091 1656 creditur
1113 1594 1284 1656 Cimmerios
1306 1615 1343 1656 ex

202 1707 335 1765 Ponticis
366 1705 535 1782 regionibus
569 1704 707 1785 expulsos
741 1723 803 1765 esse
836 1711 866 1765 et
897 1702 1002 1764 deinde
1031 1707 1149 1763 omnino
1182 1705 1344 1767 evanuisse.

199 1815 282 1874 Inter
313 1832 411 1874 omnes
438 1821 552 1873 constat
582 1820 678 1873 aetate
708 1821 877 1894 pervetusta
908 1795 1128 1873 Cimmeriorum
1156 1821 1272 1890 gentem
1306 1811 1344 1872 ad

198 1921 376 1983 Maeotidem
409 1921 499 1981 fuisse
510 1917 551 2001 1),
585 1920 693 1982 deinde
721 1943 739 1980 a
773 1921 891 2002 Scythis
922 1921 1073 2001 expulsam
1106 1921 1193 1999 longe
1225 1919 1344 1998 lateque

199 2027 305 2090 Asiam
333 2029 491 2091 infestasse.
534 2028 644 2089 Herod.
675 2029 721 2088 IV
754 2033 801 2087 11.
848 2027 943 2089 Strab.
967 2032 1039 2090 494.
1084 2026 1196 2104 Herod.
1225 2027 1270 2086 IV
1296 2029 1343 2086 12.

197 2136 319 2196 VH20.
342 2136 441 2195 1103.
465 2135 510 2196 IV
524 2138 549 2194 1.
587 2134 665 2197 Plut.
688 2135 799 2194 Marius
820 2138 867 2194 11.
906 2134 1000 2194 Strab.
1026 2137 1088 2195 648
1113 2133 1234 2214 (Callini
1255 2135 1290 2195 fr.
1308 2135 1340 2215 3)

200 2248 248 2305 61.
267 2247 338 2306 573.
384 2243 493 2304 Callini
507 2241 540 2302 fr.
559 2243 585 2302 5.
620 2234 914 2323 'Squlluavepoe
939 2241 1222 2323 (=Plin.v123)
1246 2242 1342 2303 Strab.

200 2357 247 2416 20.
273 2355 343 2413 627.
389 2351 528 2432 Polyaen.
551 2349 613 2410 VII
640 2352 666 2408 2.
712 2347 821 2409 Herod.
845 2348 860 2407 Ι
885 2352 911 2410 6.
939 2351 984 2408 15.
1012 2352 1058 2430 116.
1107 2350 1187 2412 Suid.
1235 2348 1342 2433 Γύγης.

197 2463 296 2525 Unum
325 2464 416 2540 igitur
437 2461 596 2538 vestigium
619 2452 837 2518 Cimmeriomum
865 2460 897 2516 in
919 2457 1051 2517 Ponticis
1073 2460 1241 2538 regionibus
1270 2481 1342 2520 non-

197 2571 278 2644 nulla
293 2570 422 2630 locorum
444 2569 562 2628 nomina
577 2573 665 2626 erant.
711 2566 818 2625 Poetas
838 2564 993 2624 nonnullos
1010 2565 1180 2628 Cimmerios
1195 2569 1342 2630 interdum

199 2695 425 2742 commemorare
455 2675 564 2734 nullius
585 2673 724 2734 momenti
747 2679 798 2731 est.
843 2670 1092 2734 Adscribamusne
1114 2676 1266 2736 Valerium
1294 2677 1342 2736 his

197 2785 314 2870 poetis?
360 2784 489 2844 Minime.
534 2781 605 2840 Veri
635 2785 664 2838 et
694 2777 773 2838 docti
806 2779 965 2858 geographi
997 2779 1159 2842 Cimmeriis
1190 2787 1278 2844 etiam
1307 2803 1342 2844 ea

199 2903 296 2960 aetate
319 2915 378 2978 qna
399 2894 455 2975 ipsi
479 2897 563 2951 erant
589 2886 673 2948 sedes
694 2907 752 2946 non
775 2886 863 2964 longe
885 2909 903 2947 a
925 2887 1020 2948 Ponto
1043 2890 1162 2952 Euxino
1190 2892 1342 2973 dederunt,

196 3005 285 3090 paulo
316 3003 485 3064 remotiores
517 3016 604 3076 quam
638 3003 724 3056 autea
754 2995 923 3056 habuerant.
980 2998 1047 3057 Non
1075 3001 1181 3063 mirum
1212 3010 1258 3062 est
1287 3002 1341 3062 hos

196 3133 287 3176 novos
312 3110 483 3171 Cimmerios
514 3125 572 3163 una
601 3124 666 3164 cum
689 3103 888 3164 Amazonibus
918 3111 1147 3180 commemorari,
1179 3127 1248 3167 narn
1277 3128 1340 3168 sors

196 3219 298 3282 eadem
334 3224 414 3276 erat:
451 3216 581 3293 utrisque
615 3215 647 3272 in
672 3216 839 3274 remotiores
881 3218 1015 3292 regiones
1055 3216 1239 3294 migrandum
1276 3226 1338 3278 erat

195 3335 282 3412 prout
312 3325 441 3402 cognitio
472 3331 613 3384 terrarum
636 3326 712 3383 cirea
734 3323 861 3384 Pontum
883 3324 1034 3384 Euxinum
1064 3329 1183 3386 sitarum
1213 3327 1338 3405 augeba-

195 3445 250 3498 tur.
298 3433 364 3492 Hoc
394 3450 508 3512 quoque
534 3431 599 3490 loco
623 3430 800 3493 monendum
827 3439 870 3491 est
892 3432 1041 3493 Valerium
1072 3454 1137 3494 cum
1170 3436 1338 3496 auctoribus

197 3563 267 3605 suae
299 3543 403 3601 aetatis
435 3559 598 3619 congruere.
644 3539 724 3600 Mela
746 3541 762 3598 Ι
786 3543 858 3614 213:
880 3544 970 3613 Swper
991 3547 1149 3603 Amazonas
1178 3554 1203 3603 et
1226 3547 1335 3620 prer-

198 3659 289 3714 bor'eos
313 3652 468 3722 Cimmerii,
501 3651 586 3721 Cissi,
609 3653 714 3721 Aatlot,
736 3653 855 3720 Achaei,
888 3651 1025 3724 Georpdi,
1049 3655 1171 3724 Moschi,
1205 3651 1338 3726 Cercetae,

199 3764 352 3831 Pharitae,
375 3761 545 3830 Rimpltacea
590 3755 667 3814 Plin.
683 3755 728 3814 VI
753 3756 792 3814 35
816 3759 918 3830 Ripaei
940 3767 1042 3817 montes
1066 3803 1150 3818 .....
1173 3764 1338 3835 Arimphaei

197 3888 213 3927 .·
237 3911 262 3924 ..
286 3871 460 3944 Hyperborei
570 3868 646 3923 adira
675 3884 718 3923 eos
744 3869 827 3938 plane
857 3869 916 3924 iam
937 3867 1051 3943 Scythae
1076 3867 1230 3942 Cimmerii,
1262 3872 1339 3943 Oisai,

196 3979 301 4048 Antei,
331 3978 447 4050 decipi,
480 3983 506 4031 et
536 3977 709 4032 Amazonum
737 3994 811 4049 pens.
858 3978 937 4034 Haec
964 3996 1051 4050 respue
1080 3981 1118 4034 ad
1151 3979 1283 4052 Caspium
1315 3988 1355 4037 et

197 4088 375 4160 Hyrcanium
397 4101 481 4140 mure.
527 4077 601 4138 Inde
622 4079 711 4139 Solin.
734 4082 774 4140 88
798 4085 983 4158 Hyperboreis
1003 4087 1103 4142 amen
1125 4088 1222 4145 diceet
1243 4091 1339 4146 Arim-

269 4309 294 4376 1)
315 4307 394 4362 Hanc
418 4323 476 4362 rem
495 4305 702 4362 Miillenhot'fius
722 4308 761 4361 Ill
781 4325 807 4376 p.
823 4310 896 4362 19ss.
916 4306 1067 4375 infringere
1092 4324 1146 4363 non
1165 4315 1265 4379 potest.
1304 4309 1339 4366 cf.

195 4397 389 4468 Wilamowitz‚
410 4393 591 4455 Homerische'
607 4397 852 4468 Untersuchungen
870 4415 896 4469 p.
911 4400 1058 4456 165-168.
