3190 4956
759 255 796 316 15

609 453 632 495 c.
656 436 776 494 nomina
797 433 946 494 historica.

295 549 385 618 Apros
406 567 447 594 =
470 536 595 626 Ἀπρίης,
617 561 670 604 rex
692 541 832 622 Aegypti.

297 658 480 713 Ariasmenus
502 649 560 729 (VI
584 650 666 730 103).
711 651 808 710 Multa
833 649 941 708 similia
969 651 1085 708 nomina
1115 647 1260 727 historica
1275 665 1357 730 repe·

212 762 338 834 riuntur,
372 767 405 818 ut
426 758 616 833 Ariarathes,
638 758 796 840 Ariaspae,
824 757 966 832 Adeone,
999 755 1204 832 Ariaramnes,
1233 755 1355 832 Ariana,

211 866 398 946 Ariabignes‚
429 865 610 926 Ariamenes.
655 865 713 924 His
745 865 911 925 nominibus
933 865 1138 925 Ariasmenum
1169 863 1357 925 inserendum

215 984 381 1056 σεσαρυῖα,
404 995 580 1055 quamquam
602 993 696 1054 neque
718 973 870 1035 deforma
890 993 986 1056 neque
1008 974 1045 1036 de
1067 977 1180 1054 origine
1202 977 1273 1036 certi
1303 973 1356 1033 ali·

212 1083 284 1165 quid
305 1083 434 1165 proferre
455 1103 581 1164 possum.

301 1195 407 1254 Codrus
428 1193 475 1272 (Π
499 1195 580 1269 136),
602 1191 799 1254 nobilissimus
821 1212 874 1254 rex
898 1192 1085 1254 Athenarum

207 1346 215 1358 ι
299 1306 416 1364 Uolane.
461 1301 529 1361 Val.
552 1302 598 1363 VI
621 1305 662 1362 48
685 1323 723 1363 ss.

342 1413 475 1490 proxima
496 1411 628 1472 Bisaltae
649 1412 728 1490 legio
750 1410 909 1493 ductorque
932 1411 1059 1474 Colaxes

342 1521 460 1596 sangnis
482 1522 597 1600 etipse
619 1518 712 1594 deum,
735 1519 882 1599 Scythicis
905 1538 990 1600 quem
1012 1519 1152 1599 Juppitor
1173 1522 1232 1579 oris

340 1629 496 1704 progenuit
517 1625 642 1686 viridem
663 1627 804 1707 Myracen
825 1626 1025 1708 Tibisenaque
1046 1630 1131 1711 iuxta

341 1737 424 1809 ostia,
448 1734 581 1796 semifero
605 1734 740 1814 (dignum
768 1738 794 1794 si
816 1734 945 1814 credere)
968 1744 1070 1816 captus

342 1860 468 1921 corpore,
490 1861 544 1903 nec
567 1841 714 1922 nymphae
737 1846 869 1921 geminos
892 1842 1044 1903 exhorruit
1065 1861 1183 1920 angues,

210 1949 408 2011 Herodlvh
426 1952 466 2021 ώς
484 1946 517 2010 δὲ
532 1947 648 2012 Σκύθαι
670 1949 800 2032 λέγουσι,
823 1950 970 2013 νεώτατον
994 1947 1133 2014 ἁπάντων
1150 1947 1263 2014 ἐθνέων
1279 1944 1354 2014 εἶναι

210 2053 244 2118 τὸ
261 2055 413 2142 σφέτερον,
431 2061 517 2121 τοῦτο
534 2057 568 2120 δέ
578 2057 720 2142 γενέσθαι
733 2060 802 2122 ὧδε.
827 2057 921 2143 ἄνδρα
938 2057 1078 2140 γενέσθαι
1089 2062 1206 2142 πρῶτον
1221 2058 1251 2122 ἐν
1267 2067 1354 2145 τῇγῇ

212 2165 304 2252 ταότη
329 2167 420 2253 ἐούσῃ
441 2167 556 2254 ἐρήμῳ,
581 2173 624 2255 τῷ
646 2166 758 2253 οὔνομα
777 2166 851 2232 εἶναι
867 2164 1039 2252 Ταργιτάον.
1068 2169 1120 2230 τοῦ
1140 2163 1174 2229 δὲ
1186 2165 1353 2252 Ταργιτάου
1398 2199 1400 2204 ·

210 2273 315 2338 τοότου
331 2275 398 2348 τοὺς
415 2276 519 2348 τοκέας
532 2277 651 2360 λέγουσι
668 2275 751 2359 εἶναι,
770 2275 836 2362 ἐμοὶ
855 2275 906 2362 μὲν
921 2276 955 2339 οὐ
973 2273 1061 2340 πιστὰ
1077 2275 1220 2358 λέγοντες,
1235 2276 1355 2360 λέγουσι

211 2385 290 2465 δ’ών,
319 2384 376 2449 Δία
398 2409 430 2448 τε
459 2385 510 2450 καὶ
534 2385 739 2472 Βορυσθένεος
761 2395 813 2450 τοῦ
835 2388 970 2471 ποταμοῦ
993 2384 1153 2470 θυγατέρα.
1178 2384 1277 2467 γένεος
1302 2384 1354 2471 μὲν

208 2492 347 2557 -τοιοότου
380 2496 417 2579 δή
442 2519 518 2567 τινος
548 2495 689 2578 γενέσθαι
717 2498 826 2568 παῖδας
850 2495 936 2581 τρεῖς,
961 2494 1107 2565 Λιπόξαϊν
1129 2491 1180 2558 καὶ
1203 2491 1352 2580 Ἀρπόξαϊν

212 2599 264 2666 καλ
285 2604 431 2667 νεώτατον
455 2601 605 2675 Κολαξαϊν
636 2607 683 2685 (cf.
706 2607 792 2668 Diels
814 2610 846 2665 in
867 2607 995 2666 Hermae
1017 2605 1200 2665 volXXXI
1221 2626 1249 2686 p.
1270 2605 1354 2684 358).

215 2711 289 2774 oum
321 2715 376 2776 hoc
409 2715 474 2776 loco
504 2717 579 2777 alter
606 2719 777 2777 coniunctus
807 2723 850 2776 cst
873 2715 919 2775 IV
944 2718 961 2775 9
995 2714 1036 2784 ώς
1066 2709 1353 2796 hislandicorum

212 2811 378 2906 Ἡρακλέα,
409 2822 562 2908 δίζησθαι,
596 2821 691 2887 πάντα
720 2821 753 2886 δέ
782 2819 819 2886 τὰ
849 2828 902 2908 τῆς
924 2823 1028 2909 χώρης
1051 2821 1248 2890 ἐπεξελθόντα
1271 2820 1355 2895 τέλος

214 2928 375 2994 ἀπικέσθαι
398 2931 428 3004 ές
450 2931 504 3017 τὴν
526 2925 652 3018 Ὑλαίην
674 2931 859 3018 καλεομένην
882 2938 947 3018 γῆν.
982 2931 1113 2995 ἐνθαῦτα
1137 2928 1170 2992 δέ
1193 2927 1281 2994 αότδν
1303 2929 1355 2994 εὑ-

151 3038 153 3042 ’
213 3037 272 3122 ρεῖν
295 3037 327 3102 ἐν
351 3036 448 3126 ἄντρῳ
473 3039 686 3126 μιξοπάρθενόν
709 3065 773 3104 τινα
796 3039 916 3127 ἔχιδναν
939 3039 1058 3126 διφυέα,
1081 3044 1133 3124 τῆς
1155 3035 1192 3102 τώ
1216 3036 1268 3124 μέν
1292 3036 1354 3104 ἄνω

214 3144 272 3208 ἀπό
305 3153 363 3212 τῶν
399 3152 530 3233 γλουτῶν
562 3147 637 3215 εἶναι
660 3149 798 3236 γυναικός
822 3148 858 3214 τὰ
882 3147 915 3213 δέ
936 3148 1040 3235 ἔνερθε
1062 3148 1157 3234 ὄφιος.
1200 3148 1301 3212 ἰδόντα
1323 3145 1356 3213 δὲ

197 3251 265 3334 Ικαλ
280 3255 477 3340 θαυμάσαντα
496 3258 671 3345 έπείρεσθαί
684 3285 739 3346 μιν,
762 3260 793 3325 εἴ
802 3285 857 3323 κου
873 3255 932 3323 ἴδοι
950 3255 1056 3331 ἵππους
1072 3257 1284 3343 πλανεομένας,
1301 3256 1355 3342 τὴν

216 3360 248 3424 δέ
283 3363 374 3449 φάναι
405 3367 521 3453 ἑωυτὴν
559 3367 639 3455 ἔχειν
670 3367 720 3434 καὶ
755 3369 807 3432 οὐκ
838 3369 1008 3432 ἀποδώσειν
1039 3365 1143 3453 έκείνιρ
1174 3363 1240 3451 πρὶν
1271 3365 1290 3450 ἥ
1327 3366 1354 3429 oi

213 3471 369 3558 μιχθῆναι.
404 3474 454 3540 τόν
479 3475 513 3539 δὲ
532 3474 691 3564 Ἡρακλέα
716 3477 861 3563 μιχθῆναι
885 3473 933 3540 ἐπὶ
955 3479 997 3562 τῷ
1021 3475 1121 3561 μισθῷ
1143 3473 1247 3560 τοότιρ.

299 3582 358 3659 Qui
381 3585 509 3650 Colaxes
541 3590 622 3649 nulla
654 3593 769 3650 ratione
799 3589 933 3650 cohaeret
964 3609 1029 3648 cum
1050 3585 1172 3646 Bisaltis
1200 3594 1355 3669 movetque

207 3695 403 3774 suspicionem
425 3700 456 3757 in
479 3698 552 3758 ahos
575 3697 663 3760 duces
689 3720 760 3780 quos
776 3699 913 3760 Valerius
928 3697 1064 3778 gentibus
1082 3694 1256 3777 quibusdam
1273 3715 1356 3779 prae-

207 3800 295 3880 fecit3
328 3804 362 3866 ct
385 3805 554 3866 Bastarnae.
599 3807 669 3866 Non
697 3807 767 3868 licet
796 3826 833 3867 cx
861 3806 970 3866 talibus
997 3804 1084 3866 rebus
1106 3803 1244 3884 colligere
1265 3804 1354 3866 Valc-

207 3915 284 3972 rium
306 3913 452 3975 Herodoti
474 3915 565 3976 libros
586 3916 710 3994 legisse,
744 3915 776 3974 id
808 3914 888 3996 quod
919 3917 1035 3974 omnino
1068 3914 1194 3974 alienum
1224 3921 1287 3972 erat
1316 3912 1354 3974 ab

210 4015 376 4082 hominibus
397 4023 477 4084 illius
499 4024 623 4101 saeculi3
653 4044 692 4084 cx
713 4023 865 4084 Herodoto
888 4031 934 4083 tot
953 4042 1001 4084 res
1022 4025 1054 4084 in
1076 4020 1303 4102 chorographiam
1326 4029 1355 4082 et

211 4127 243 4184 in
265 4129 444 4190 mirabilium
466 4134 619 4212 scriptores
642 4139 671 4192 et
691 4133 722 4190 in
742 4129 854 4213 νόμιμα
878 4126 1044 4216 βαρβαρικά
1074 4131 1233 4192 translatae
1264 4137 1353 4205 erant,

206 4241 299 4316 atque
320 4236 389 4299 inde
411 4240 503 4302 multo
527 4239 703 4304 commodius
726 4259 774 4300 eas
803 4238 952 4301 desumere
974 4239 1111 4301 Valerius
1138 4241 1236 4323 potuit
1267 4257 1354 4320 quam

203 4361 248 4409 ,ex
271 4346 335 4425 ipso
357 4345 520 4416 Herodoto.

201 4508 208 4518 .
239 4533 243 4537 .
298 4455 382 4543 *ocos
403 4459 466 4539 (111
491 4462 572 4554 112),
595 4479 700 4541 nomen
723 4455 880 4562 multorum
900 4482 1001 4563 regum
1022 4455 1199 4565 ’ἴδηαι-ιω..
