<?xml version="1.0" encoding="UTF-8"?>
<!DOCTYPE html PUBLIC "-//W3C//DTD XHTML 1.0 Transitional//EN"
    "http://www.w3.org/TR/xhtml1/DTD/xhtml1-transitional.dtd">
<html xmlns="http://www.w3.org/1999/xhtml" xml:lang="en" lang="en">
 <head>
  <title>
</title>
<meta http-equiv="Content-Type" content="text/html;charset=utf-8" />
  <meta name='ocr-system' content='tesseract 3.04.00' />
  <meta name='ocr-capabilities' content='ocr_page ocr_carea ocr_par ocr_line ocrx_word'/>
</head>
<body>
  <div class='ocr_page' id='page_1' title='image "./dechorographiaa00heergoog_0077.png"; bbox 0 0 3190 4956; ppageno 0'>
   <div class='ocr_carea' id='block_1_1' title="bbox 762 255 807 324">
    <p class='ocr_par' dir='ltr' id='par_1_1' title="bbox 762 255 807 324">
     <span class='ocr_line' id='line_1_1' title="bbox 762 255 807 324; baseline -0.022 0"><span class='ocrx_word' id='word_1_1' title='bbox 762 255 807 324; x_wconf 66' lang='lat' dir='ltr'>ii</span> 
     </span>
    </p>
   </div>
   <div class='ocr_carea' id='block_1_2' title="bbox 238 435 1387 1494">
    <p class='ocr_par' dir='ltr' id='par_1_2' title="bbox 238 435 1387 1494">
     <span class='ocr_line' id='line_1_2' title="bbox 239 435 1385 519; baseline -0.004 -18"><span class='ocrx_word' id='word_1_2' title='bbox 239 436 310 502; x_wconf 86' lang='lat' dir='ltr'>Jov.</span> <span class='ocrx_word' id='word_1_3' title='bbox 334 439 367 500; x_wconf 94' lang='lat' dir='ltr'>II</span> <span class='ocrx_word' id='word_1_4' title='bbox 390 440 430 519; x_wconf 82' lang='lat'>7).</span> <span class='ocrx_word' id='word_1_5' title='bbox 475 439 562 499; x_wconf 82' lang='lat' dir='ltr'>Idem</span> <span class='ocrx_word' id='word_1_6' title='bbox 588 438 650 498; x_wconf 81' lang='lat' dir='ltr'>iere</span> <span class='ocrx_word' id='word_1_7' title='bbox 679 437 715 498; x_wconf 87' lang='lat' dir='ltr'>do</span> <span class='ocrx_word' id='word_1_8' title='bbox 738 436 927 499; x_wconf 82' lang='lat' dir='ltr'>Issedonibus</span> <span class='ocrx_word' id='word_1_9' title='bbox 949 438 1029 498; x_wconf 84' lang='lat' dir='ltr'>Mela</span> <span class='ocrx_word' id='word_1_10' title='bbox 1047 437 1083 496; x_wconf 88' lang='lat'>11</span> <span class='ocrx_word' id='word_1_11' title='bbox 1109 436 1135 512; x_wconf 82' lang='grc' dir='ltr'>Ι,</span> <span class='ocrx_word' id='word_1_12' title='bbox 1149 441 1170 503; x_wconf 74' lang='grc' dir='ltr'>ι’</span> <span class='ocrx_word' id='word_1_13' title='bbox 1188 436 1269 514; x_wconf 86' lang='lat' dir='ltr'>(inde</span> <span class='ocrx_word' id='word_1_14' title='bbox 1292 435 1385 496; x_wconf 87' lang='lat' dir='ltr'>Solin.</span> 
     </span>
     <span class='ocr_line' id='line_1_3' title="bbox 240 545 1383 628; baseline -0.004 -20"><span class='ocrx_word' id='word_1_15' title='bbox 240 550 294 627; x_wconf 88' lang='grc'>84)</span> <span class='ocrx_word' id='word_1_16' title='bbox 318 549 355 608; x_wconf 91' lang='lat' dir='ltr'>de</span> <span class='ocrx_word' id='word_1_17' title='bbox 379 547 480 608; x_wconf 82' lang='lat' dir='ltr'>Sardis</span> <span class='ocrx_word' id='word_1_18' title='bbox 503 548 644 607; x_wconf 83' lang='lat' dir='ltr'>Timaeus</span> <span class='ocrx_word' id='word_1_19' title='bbox 667 549 725 628; x_wconf 88' lang='lat' dir='ltr'>(ap.</span> <span class='ocrx_word' id='word_1_20' title='bbox 749 547 839 608; x_wconf 82' lang='lat' dir='ltr'>schol.</span> <span class='ocrx_word' id='word_1_21' title='bbox 864 547 941 606; x_wconf 87' lang='lat' dir='ltr'>Plut.</span> <span class='ocrx_word' id='word_1_22' title='bbox 964 564 1040 626; x_wconf 84' lang='lat' dir='ltr'>resp.</span> <span class='ocrx_word' id='word_1_23' title='bbox 1065 546 1154 624; x_wconf 71' lang='lat'><strong>337³)</strong></span> <span class='ocrx_word' id='word_1_24' title='bbox 1177 554 1285 604; x_wconf 86' lang='lat' dir='ltr'>narrat.</span> <span class='ocrx_word' id='word_1_25' title='bbox 1321 545 1383 603; x_wconf 82' lang='lat' dir='ltr'>Ta-</span> 
     </span>
     <span class='ocr_line' id='line_1_4' title="bbox 238 657 1386 733; baseline -0.001 -16"><span class='ocrx_word' id='word_1_26' title='bbox 238 657 308 717; x_wconf 86' lang='lat' dir='ltr'>bula</span> <span class='ocrx_word' id='word_1_27' title='bbox 336 657 523 716; x_wconf 80' lang='lat' dir='ltr'>Ebstorfiana</span> <span class='ocrx_word' id='word_1_28' title='bbox 546 660 579 716; x_wconf 82' lang='lat'>7:</span> <span class='ocrx_word' id='word_1_29' title='bbox 612 662 768 733; x_wconf 74' lang='lat' dir='ltr'>Massapetc</span> <span class='ocrx_word' id='word_1_30' title='bbox 795 667 820 716; x_wconf 80' lang='lat' dir='ltr'>ct</span> <span class='ocrx_word' id='word_1_31' title='bbox 850 661 969 716; x_wconf 80' lang='lat' dir='ltr'>Derbees</span> <span class='ocrx_word' id='word_1_32' title='bbox 1000 663 1167 716; x_wconf 77' lang='lat' dir='ltr'>miserrimos</span> <span class='ocrx_word' id='word_1_33' title='bbox 1193 665 1300 729; x_wconf 76' lang='lat' dir='ltr'>patant</span> <span class='ocrx_word' id='word_1_34' title='bbox 1335 661 1386 730; x_wconf 76' lang='lat' dir='ltr'>qai</span> 
     </span>
     <span class='ocr_line' id='line_1_5' title="bbox 239 767 1387 849; baseline -0.002 -23"><span class='ocrx_word' id='word_1_35' title='bbox 239 773 410 849; x_wconf 74' lang='grc' dir='ltr'>ορνονοοίοηο</span> <span class='ocrx_word' id='word_1_36' title='bbox 432 773 591 826; x_wconf 69' lang='lat' dir='ltr'>maiarum</span> <span class='ocrx_word' id='word_1_37' title='bbox 609 777 739 840; x_wconf 66' lang='lat' dir='ltr'>paradas</span> <span class='ocrx_word' id='word_1_38' title='bbox 762 776 787 825; x_wconf 81' lang='lat' dir='ltr'>ct</span> <span class='ocrx_word' id='word_1_39' title='bbox 809 771 910 826; x_wconf 83' lang='lat' dir='ltr'>amicos</span> <span class='ocrx_word' id='word_1_40' title='bbox 932 785 993 825; x_wconf 83' lang='lat' dir='ltr'>cam</span> <span class='ocrx_word' id='word_1_41' title='bbox 1016 767 1053 823; x_wconf 80' lang='lat' dir='ltr'>ad</span> <span class='ocrx_word' id='word_1_42' title='bbox 1074 774 1236 824; x_wconf 65' lang='lat' dir='ltr'>saumatam</span> <span class='ocrx_word' id='word_1_43' title='bbox 1261 769 1387 824; x_wconf 71' lang='lat' dir='ltr'>aeaerici</span> 
     </span>
     <span class='ocr_line' id='line_1_6' title="bbox 239 871 1387 954; baseline -0.003 -18"><span class='ocrx_word' id='word_1_44' title='bbox 239 882 370 950; x_wconf 75' lang='lat' dir='ltr'>iapalaat</span> <span class='ocrx_word' id='word_1_45' title='bbox 401 885 427 935; x_wconf 80' lang='lat' dir='ltr'>ct</span> <span class='ocrx_word' id='word_1_46' title='bbox 455 880 593 936; x_wconf 75' lang='lat' dir='ltr'>decorant.</span> <span class='ocrx_word' id='word_1_47' title='bbox 639 874 713 934; x_wconf 78' lang='lat' dir='ltr'>Cum</span> <span class='ocrx_word' id='word_1_48' title='bbox 742 895 789 935; x_wconf 87' lang='lat' dir='ltr'>res</span> <span class='ocrx_word' id='word_1_49' title='bbox 818 874 897 954; x_wconf 90' lang='lat' dir='ltr'>apud</span> <span class='ocrx_word' id='word_1_50' title='bbox 926 882 968 933; x_wconf 91' lang='lat' dir='ltr'>tot</span> <span class='ocrx_word' id='word_1_51' title='bbox 996 882 1098 952; x_wconf 79' lang='lat' dir='ltr'>gentes·</span> <span class='ocrx_word' id='word_1_52' title='bbox 1120 871 1197 932; x_wconf 83' lang='lat' dir='ltr'>feras</span> <span class='ocrx_word' id='word_1_53' title='bbox 1219 873 1387 932; x_wconf 82' lang='lat' dir='ltr'>inveniatur</span> 
     </span>
     <span class='ocr_line' id='line_1_7' title="bbox 239 982 1385 1062; baseline -0.002 -19"><span class='ocrx_word' id='word_1_54' title='bbox 239 1005 299 1045; x_wconf 92' lang='lat' dir='ltr'>non</span> <span class='ocrx_word' id='word_1_55' title='bbox 321 993 364 1044; x_wconf 84' lang='lat' dir='ltr'>est</span> <span class='ocrx_word' id='word_1_56' title='bbox 386 1004 437 1043; x_wconf 89' lang='lat' dir='ltr'>cur</span> <span class='ocrx_word' id='word_1_57' title='bbox 459 983 589 1044; x_wconf 89' lang='lat' dir='ltr'>dicamus</span> <span class='ocrx_word' id='word_1_58' title='bbox 612 985 763 1045; x_wconf 88' lang='lat' dir='ltr'>Valerium</span> <span class='ocrx_word' id='word_1_59' title='bbox 777 987 859 1044; x_wconf 75' lang='lat' dir='ltr'>&#39;eam&#39;</span> <span class='ocrx_word' id='word_1_60' title='bbox 872 1003 909 1043; x_wconf 84' lang='lat' dir='ltr'>ex</span> <span class='ocrx_word' id='word_1_61' title='bbox 932 982 1082 1044; x_wconf 84' lang='lat' dir='ltr'>Herodoto</span> <span class='ocrx_word' id='word_1_62' title='bbox 1105 985 1272 1062; x_wconf 83' lang='lat' dir='ltr'>sumpsisse,</span> <span class='ocrx_word' id='word_1_63' title='bbox 1302 1001 1385 1060; x_wconf 88' lang='lat' dir='ltr'>prae-</span> 
     </span>
     <span class='ocr_line' id='line_1_8' title="bbox 240 1089 1384 1174; baseline -0.007 -18"><span class='ocrx_word' id='word_1_64' title='bbox 240 1098 340 1156; x_wconf 84' lang='lat' dir='ltr'><strong>sertim</strong></span> <span class='ocrx_word' id='word_1_65' title='bbox 362 1115 427 1154; x_wconf 91' lang='lat' dir='ltr'>cum</span> <span class='ocrx_word' id='word_1_66' title='bbox 449 1093 570 1172; x_wconf 84' lang='lat' dir='ltr'>reliqua,</span> <span class='ocrx_word' id='word_1_67' title='bbox 595 1112 669 1174; x_wconf 85' lang='lat' dir='ltr'>quae</span> <span class='ocrx_word' id='word_1_68' title='bbox 692 1091 728 1152; x_wconf 85' lang='lat' dir='ltr'>de</span> <span class='ocrx_word' id='word_1_69' title='bbox 751 1091 916 1172; x_wconf 75' lang='lat' dir='ltr'>dazygibas</span> <span class='ocrx_word' id='word_1_70' title='bbox 939 1097 1095 1170; x_wconf 75' lang='lat' dir='ltr'>proponat,</span> <span class='ocrx_word' id='word_1_71' title='bbox 1108 1098 1188 1149; x_wconf 86' lang='lat' dir='ltr'>&#39;vera</span> <span class='ocrx_word' id='word_1_72' title='bbox 1210 1091 1277 1148; x_wconf 90' lang='lat' dir='ltr'>sint.</span> <span class='ocrx_word' id='word_1_73' title='bbox 1324 1089 1384 1149; x_wconf 81' lang='lat' dir='ltr'>Suo</span> 
     </span>
     <span class='ocr_line' id='line_1_9' title="bbox 240 1197 1384 1280; baseline -0.003 -19"><span class='ocrx_word' id='word_1_74' title='bbox 240 1207 304 1263; x_wconf 91' lang='lat' dir='ltr'>iure</span> <span class='ocrx_word' id='word_1_75' title='bbox 326 1203 462 1263; x_wconf 85' lang='lat' dir='ltr'>Valerius</span> <span class='ocrx_word' id='word_1_76' title='bbox 485 1201 617 1280; x_wconf 84' lang='lat' dir='ltr'>Jazyges</span> <span class='ocrx_word' id='word_1_77' title='bbox 640 1203 754 1280; x_wconf 80' lang='lat' dir='ltr'>equites</span> <span class='ocrx_word' id='word_1_78' title='bbox 775 1211 838 1259; x_wconf 79' lang='lat' dir='ltr'>esse</span> <span class='ocrx_word' id='word_1_79' title='bbox 860 1208 959 1258; x_wconf 76' lang='lat' dir='ltr'>narrat</span> <span class='ocrx_word' id='word_1_80' title='bbox 989 1199 1075 1278; x_wconf 80' lang='lat' dir='ltr'>(imas</span> <span class='ocrx_word' id='word_1_81' title='bbox 1098 1199 1194 1276; x_wconf 72' lang='grc' dir='ltr'>σοιτίς),</span> <span class='ocrx_word' id='word_1_82' title='bbox 1225 1197 1261 1258; x_wconf 86' lang='lat' dir='ltr'>cf.</span> <span class='ocrx_word' id='word_1_83' title='bbox 1285 1199 1384 1258; x_wconf 81' lang='lat' dir='ltr'><strong>Tacit.</strong></span> 
     </span>
     <span class='ocr_line' id='line_1_10' title="bbox 239 1309 1384 1382; baseline -0.007 -12"><span class='ocrx_word' id='word_1_84' title='bbox 239 1311 306 1370; x_wconf 87' lang='lat' dir='ltr'>hist.</span> <span class='ocrx_word' id='word_1_85' title='bbox 330 1311 379 1369; x_wconf 90' lang='lat' dir='ltr'>III</span> <span class='ocrx_word' id='word_1_86' title='bbox 403 1312 420 1369; x_wconf 81' lang='lat'>5</span> <span class='ocrx_word' id='word_1_87' title='bbox 444 1314 582 1382; x_wconf 67' lang='lat' dir='ltr'>principes</span> <span class='ocrx_word' id='word_1_88' title='bbox 604 1309 801 1365; x_wconf 75' lang='lat' dir='ltr'><strong><em>Sarmatarum</em></strong></span> <span class='ocrx_word' id='word_1_89' title='bbox 823 1311 972 1381; x_wconf 76' lang='lat' dir='ltr'>Jaaapam,</span> <span class='ocrx_word' id='word_1_90' title='bbox 991 1326 1076 1380; x_wconf 74' lang='lat' dir='ltr'>peaes</span> <span class='ocrx_word' id='word_1_91' title='bbox 1099 1325 1167 1380; x_wconf 75' lang='lat' dir='ltr'>qaas</span> <span class='ocrx_word' id='word_1_92' title='bbox 1195 1309 1313 1364; x_wconf 79' lang='lat' dir='ltr'>ciuitatis</span> <span class='ocrx_word' id='word_1_93' title='bbox 1340 1324 1384 1363; x_wconf 82' lang='lat' dir='ltr'>rc·</span> 
     </span>
     <span class='ocr_line' id='line_1_11' title="bbox 239 1418 1385 1494; baseline -0.005 -18"><span class='ocrx_word' id='word_1_94' title='bbox 239 1426 340 1494; x_wconf 74' lang='lat' dir='ltr'>qimau,</span> <span class='ocrx_word' id='word_1_95' title='bbox 363 1425 396 1478; x_wconf 82' lang='lat' dir='ltr'>ia</span> <span class='ocrx_word' id='word_1_96' title='bbox 417 1420 605 1477; x_wconf 81' lang='lat' dir='ltr'>commilitium</span> <span class='ocrx_word' id='word_1_97' title='bbox 628 1419 733 1474; x_wconf 73' lang='lat' dir='ltr'>adsciti.</span> <span class='ocrx_word' id='word_1_98' title='bbox 752 1419 856 1488; x_wconf 78' lang='lat' dir='ltr'>plebem</span> <span class='ocrx_word' id='word_1_99' title='bbox 886 1435 992 1489; x_wconf 75' lang='lat' dir='ltr'>qaoque</span> <span class='ocrx_word' id='word_1_100' title='bbox 1019 1425 1045 1472; x_wconf 79' lang='lat' dir='ltr'>et</span> <span class='ocrx_word' id='word_1_101' title='bbox 1073 1421 1126 1474; x_wconf 80' lang='lat' dir='ltr'>aim</span> <span class='ocrx_word' id='word_1_102' title='bbox 1155 1418 1293 1487; x_wconf 80' lang='lat' dir='ltr'>equitum,</span> <span class='ocrx_word' id='word_1_103' title='bbox 1327 1433 1385 1486; x_wconf 79' lang='lat' dir='ltr'>qaa</span> 
     </span>
    </p>
   </div>
   <div class='ocr_carea' id='block_1_3' title="bbox 240 1519 1486 1600">
    <p class='ocr_par' dir='ltr' id='par_1_3' title="bbox 240 1519 1486 1600">
     <span class='ocr_line' id='line_1_12' title="bbox 240 1519 1486 1600; baseline -0.006 -15"><span class='ocrx_word' id='word_1_104' title='bbox 240 1531 297 1586; x_wconf 85' lang='lat' dir='ltr'>sola</span> <span class='ocrx_word' id='word_1_105' title='bbox 319 1531 416 1598; x_wconf 69' lang='lat' dir='ltr'>acam,</span> <span class='ocrx_word' id='word_1_106' title='bbox 439 1526 595 1595; x_wconf 80' lang='lat' dir='ltr'>offerebant.</span> <span class='ocrx_word' id='word_1_107' title='bbox 642 1519 730 1580; x_wconf 86' lang='lat' dir='ltr'>Sedes</span> <span class='ocrx_word' id='word_1_108' title='bbox 753 1541 870 1600; x_wconf 91' lang='lat' dir='ltr'>quoque</span> <span class='ocrx_word' id='word_1_109' title='bbox 892 1521 1042 1600; x_wconf 83' lang='lat' dir='ltr'>Jazygum</span> <span class='ocrx_word' id='word_1_110' title='bbox 1064 1529 1142 1580; x_wconf 89' lang='lat' dir='ltr'>recte</span> <span class='ocrx_word' id='word_1_111' title='bbox 1164 1519 1303 1582; x_wconf 78' lang='lat' dir='ltr'><strong>describit</strong></span> <span class='ocrx_word' id='word_1_112' title='bbox 1327 1520 1386 1578; x_wconf 91' lang='lat' dir='ltr'>Va·</span> <span class='ocrx_word' id='word_1_113' title='bbox 1482 1541 1486 1549; x_wconf 95' lang='lat'>·</span> 
     </span>
    </p>
   </div>
   <div class='ocr_carea' id='block_1_4' title="bbox 238 1627 1387 2796">
    <p class='ocr_par' dir='ltr' id='par_1_4' title="bbox 238 1627 1387 2796">
     <span class='ocr_line' id='line_1_13' title="bbox 240 1627 1386 1713; baseline -0.002 -20"><span class='ocrx_word' id='word_1_114' title='bbox 240 1633 336 1706; x_wconf 85' lang='lat' dir='ltr'>larius,</span> <span class='ocrx_word' id='word_1_115' title='bbox 359 1633 456 1692; x_wconf 88' lang='lat' dir='ltr'>nescio</span> <span class='ocrx_word' id='word_1_116' title='bbox 480 1651 531 1689; x_wconf 89' lang='lat' dir='ltr'>cur</span> <span class='ocrx_word' id='word_1_117' title='bbox 552 1629 711 1706; x_wconf 84' lang='lat' dir='ltr'>Langenus</span> <span class='ocrx_word' id='word_1_118' title='bbox 732 1629 771 1688; x_wconf 91' lang='lat' dir='ltr'>ad</span> <span class='ocrx_word' id='word_1_119' title='bbox 792 1629 838 1689; x_wconf 94' lang='lat' dir='ltr'>VI</span> <span class='ocrx_word' id='word_1_120' title='bbox 861 1632 922 1689; x_wconf 81' lang='lat'>329</span> <span class='ocrx_word' id='word_1_121' title='bbox 948 1627 1106 1689; x_wconf 81' lang='lat' dir='ltr'>contendat</span> <span class='ocrx_word' id='word_1_122' title='bbox 1128 1649 1177 1690; x_wconf 87' lang='lat' dir='ltr'>eos</span> <span class='ocrx_word' id='word_1_123' title='bbox 1205 1653 1266 1691; x_wconf 92' lang='lat' dir='ltr'>non</span> <span class='ocrx_word' id='word_1_124' title='bbox 1294 1652 1386 1713; x_wconf 89' lang='lat' dir='ltr'>prope</span> 
     </span>
     <span class='ocr_line' id='line_1_14' title="bbox 242 1736 1387 1820; baseline 0 -20"><span class='ocrx_word' id='word_1_125' title='bbox 242 1742 350 1800; x_wconf 85' lang='lat' dir='ltr'>Istrum</span> <span class='ocrx_word' id='word_1_126' title='bbox 373 1739 513 1811; x_wconf 83' lang='lat' dir='ltr'>habitare,</span> <span class='ocrx_word' id='word_1_127' title='bbox 535 1736 659 1796; x_wconf 79' lang='lat' dir='ltr'>fortasse</span> <span class='ocrx_word' id='word_1_128' title='bbox 681 1745 842 1796; x_wconf 89' lang='lat' dir='ltr'>commotus</span> <span class='ocrx_word' id='word_1_129' title='bbox 857 1737 1011 1797; x_wconf 82' lang='lat' dir='ltr'>Strabonis</span> <span class='ocrx_word' id='word_1_130' title='bbox 1033 1741 1213 1814; x_wconf 82' lang='lat' dir='ltr'>auctoritato,</span> <span class='ocrx_word' id='word_1_131' title='bbox 1237 1761 1311 1820; x_wconf 91' lang='lat' dir='ltr'>quae</span> <span class='ocrx_word' id='word_1_132' title='bbox 1326 1761 1387 1800; x_wconf 90' lang='lat' dir='ltr'>non</span> 
     </span>
     <span class='ocr_line' id='line_1_15' title="bbox 241 1845 1386 1927; baseline -0.002 -19"><span class='ocrx_word' id='word_1_133' title='bbox 241 1850 367 1927; x_wconf 84' lang='lat' dir='ltr'>pertinet</span> <span class='ocrx_word' id='word_1_134' title='bbox 388 1845 427 1905; x_wconf 90' lang='lat' dir='ltr'>ad</span> <span class='ocrx_word' id='word_1_135' title='bbox 449 1845 562 1906; x_wconf 87' lang='lat' dir='ltr'>Valerii</span> <span class='ocrx_word' id='word_1_136' title='bbox 584 1851 717 1904; x_wconf 88' lang='lat' dir='ltr'>aetatem.</span> <span class='ocrx_word' id='word_1_137' title='bbox 762 1845 809 1904; x_wconf 94' lang='lat' dir='ltr'>De</span> <span class='ocrx_word' id='word_1_138' title='bbox 831 1847 1003 1923; x_wconf 79' lang='lat' dir='ltr'>migratione</span> <span class='ocrx_word' id='word_1_139' title='bbox 1026 1845 1175 1924; x_wconf 84' lang='lat' dir='ltr'>Jazygum</span> <span class='ocrx_word' id='word_1_140' title='bbox 1204 1845 1386 1907; x_wconf 87' lang='lat' dir='ltr'>occidentem</span> 
     </span>
     <span class='ocr_line' id='line_1_16' title="bbox 239 1951 1385 2034; baseline 0 -20"><span class='ocrx_word' id='word_1_141' title='bbox 239 1973 340 2014; x_wconf 87' lang='lat' dir='ltr'>versus</span> <span class='ocrx_word' id='word_1_142' title='bbox 363 1953 504 2013; x_wconf 86' lang='lat' dir='ltr'>nonnulla</span> <span class='ocrx_word' id='word_1_143' title='bbox 526 1952 610 2011; x_wconf 91' lang='lat' dir='ltr'>nobis</span> <span class='ocrx_word' id='word_1_144' title='bbox 633 1951 742 2010; x_wconf 86' lang='lat' dir='ltr'>tradita</span> <span class='ocrx_word' id='word_1_145' title='bbox 765 1961 839 2011; x_wconf 87' lang='lat' dir='ltr'>sunt.</span> <span class='ocrx_word' id='word_1_146' title='bbox 886 1951 1014 2013; x_wconf 90' lang='lat' dir='ltr'>Omnino</span> <span class='ocrx_word' id='word_1_147' title='bbox 1038 1953 1118 2014; x_wconf 85' lang='lat' dir='ltr'>credi</span> <span class='ocrx_word' id='word_1_148' title='bbox 1140 1975 1200 2014; x_wconf 87' lang='lat' dir='ltr'>nan</span> <span class='ocrx_word' id='word_1_149' title='bbox 1222 1963 1319 2034; x_wconf 86' lang='lat' dir='ltr'>potest</span> <span class='ocrx_word' id='word_1_150' title='bbox 1334 1975 1385 2014; x_wconf 86' lang='lat' dir='ltr'>eos</span> 
     </span>
     <span class='ocr_line' id='line_1_17' title="bbox 240 2061 1385 2143; baseline -0.001 -20"><span class='ocrx_word' id='word_1_151' title='bbox 240 2072 318 2123; x_wconf 89' lang='lat' dir='ltr'>ortos</span> <span class='ocrx_word' id='word_1_152' title='bbox 334 2082 396 2124; x_wconf 88' lang='lat' dir='ltr'>esse</span> <span class='ocrx_word' id='word_1_153' title='bbox 412 2063 449 2122; x_wconf 89' lang='lat' dir='ltr'>ab</span> <span class='ocrx_word' id='word_1_154' title='bbox 459 2063 621 2134; x_wconf 78' lang='lat' dir='ltr'>Exomatis,</span> <span class='ocrx_word' id='word_1_155' title='bbox 637 2081 664 2118; x_wconf 91' lang='lat' dir='ltr'>u.</span> <span class='ocrx_word' id='word_1_156' title='bbox 677 2082 703 2120; x_wconf 90' lang='lat' dir='ltr'>v.</span> <span class='ocrx_word' id='word_1_157' title='bbox 722 2061 829 2140; x_wconf 53' lang='lat' dir='ltr'>(pati).</span> <span class='ocrx_word' id='word_1_158' title='bbox 866 2061 963 2120; x_wconf 83' lang='lat' dir='ltr'>Trans</span> <span class='ocrx_word' id='word_1_159' title='bbox 979 2061 1097 2122; x_wconf 86' lang='lat' dir='ltr'>Tanain</span> <span class='ocrx_word' id='word_1_160' title='bbox 1113 2063 1136 2122; x_wconf 84' lang='lat' dir='ltr'><strong>J</strong></span> <span class='ocrx_word' id='word_1_161' title='bbox 1137 2082 1243 2143; x_wconf 84' lang='lat' dir='ltr'>azyges</span> <span class='ocrx_word' id='word_1_162' title='bbox 1258 2083 1318 2122; x_wconf 88' lang='lat' dir='ltr'>non</span> <span class='ocrx_word' id='word_1_163' title='bbox 1333 2084 1385 2122; x_wconf 93' lang='lat' dir='ltr'>no-</span> 
     </span>
     <span class='ocr_line' id='line_1_18' title="bbox 240 2169 1384 2252; baseline 0.003 -21"><span class='ocrx_word' id='word_1_164' title='bbox 240 2175 345 2246; x_wconf 89' lang='lat' dir='ltr'>vimus,</span> <span class='ocrx_word' id='word_1_165' title='bbox 376 2172 533 2250; x_wconf 86' lang='lat' dir='ltr'>Pompeius</span> <span class='ocrx_word' id='word_1_166' title='bbox 562 2190 621 2229; x_wconf 90' lang='lat' dir='ltr'>uon</span> <span class='ocrx_word' id='word_1_167' title='bbox 651 2189 700 2228; x_wconf 91' lang='lat' dir='ltr'>eos</span> <span class='ocrx_word' id='word_1_168' title='bbox 730 2169 847 2229; x_wconf 89' lang='lat' dir='ltr'>videtur</span> <span class='ocrx_word' id='word_1_169' title='bbox 869 2169 965 2230; x_wconf 86' lang='lat' dir='ltr'>dicere</span> <span class='ocrx_word' id='word_1_170' title='bbox 988 2171 1040 2230; x_wconf 91' lang='lat' dir='ltr'>sed</span> <span class='ocrx_word' id='word_1_171' title='bbox 1063 2173 1170 2252; x_wconf 83' lang='lat' dir='ltr'>Zygos,</span> <span class='ocrx_word' id='word_1_172' title='bbox 1194 2173 1271 2252; x_wconf 89' lang='lat' dir='ltr'>apud</span> <span class='ocrx_word' id='word_1_173' title='bbox 1295 2171 1384 2235; x_wconf 87' lang='lat' dir='ltr'>Diod.</span> 
     </span>
     <span class='ocr_line' id='line_1_19' title="bbox 240 2267 1384 2364; baseline 0.003 -26"><span class='ocrx_word' id='word_1_174' title='bbox 240 2281 319 2353; x_wconf 76' lang='lat'>49‚4</span> <span class='ocrx_word' id='word_1_175' title='bbox 342 2273 475 2362; x_wconf 85' lang='grc' dir='ltr'>Ἀχαιοὺς</span> <span class='ocrx_word' id='word_1_176' title='bbox 498 2269 646 2356; x_wconf 61' lang='lat' dir='ltr'>&#39;latomia</span> <span class='ocrx_word' id='word_1_177' title='bbox 669 2272 799 2347; x_wconf 83' lang='grc' dir='ltr'>Σοανοίις</span> <span class='ocrx_word' id='word_1_178' title='bbox 818 2267 982 2363; x_wconf 81' lang='grc' dir='ltr'>Ἡνιόχους</span> <span class='ocrx_word' id='word_1_179' title='bbox 1006 2275 1054 2341; x_wconf 81' lang='grc' dir='ltr'>καὶ</span> <span class='ocrx_word' id='word_1_180' title='bbox 1078 2275 1114 2341; x_wconf 84' lang='grc' dir='ltr'>τά</span> <span class='ocrx_word' id='word_1_181' title='bbox 1136 2276 1226 2342; x_wconf 87' lang='grc' dir='ltr'>λοιπά</span> <span class='ocrx_word' id='word_1_182' title='bbox 1250 2281 1330 2364; x_wconf 75' lang='grc' dir='ltr'>φῦλα</span> <span class='ocrx_word' id='word_1_183' title='bbox 1346 2275 1384 2342; x_wconf 89' lang='grc' dir='ltr'>τά</span> 
     </span>
     <span class='ocr_line' id='line_1_20' title="bbox 242 2381 1385 2474; baseline 0.003 -26"><span class='ocrx_word' id='word_1_184' title='bbox 242 2383 348 2469; x_wconf 75' lang='grc' dir='ltr'>μεταξὺ</span> <span class='ocrx_word' id='word_1_185' title='bbox 372 2381 529 2470; x_wconf 79' lang='grc' dir='ltr'>Κολχίδος,</span> <span class='ocrx_word' id='word_1_186' title='bbox 545 2381 596 2447; x_wconf 84' lang='grc' dir='ltr'>καί</span> <span class='ocrx_word' id='word_1_187' title='bbox 621 2383 794 2456; x_wconf 81' lang='grc' dir='ltr'>Μαιώτιδος</span> <span class='ocrx_word' id='word_1_188' title='bbox 816 2384 920 2470; x_wconf 80' lang='grc' dir='ltr'>λίμνης</span> <span class='ocrx_word' id='word_1_189' title='bbox 936 2385 989 2470; x_wconf 76' lang='grc' dir='ltr'>τὴν</span> <span class='ocrx_word' id='word_1_190' title='bbox 1004 2387 1151 2472; x_wconf 82' lang='grc' dir='ltr'>παραλίαν</span> <span class='ocrx_word' id='word_1_191' title='bbox 1169 2390 1385 2474; x_wconf 77' lang='grc' dir='ltr'>διακατέχοντα</span> 
     </span>
     <span class='ocr_line' id='line_1_21' title="bbox 239 2492 1385 2580; baseline 0.001 -22"><span class='ocrx_word' id='word_1_192' title='bbox 239 2493 289 2558; x_wconf 86' lang='grc' dir='ltr'>καί</span> <span class='ocrx_word' id='word_1_193' title='bbox 311 2493 379 2566; x_wconf 83' lang='grc' dir='ltr'>τοὺς</span> <span class='ocrx_word' id='word_1_194' title='bbox 401 2492 513 2556; x_wconf 79' lang='grc' dir='ltr'>τούτων</span> <span class='ocrx_word' id='word_1_195' title='bbox 538 2495 668 2578; x_wconf 82' lang='grc' dir='ltr'>βασιλεῖς</span> <span class='ocrx_word' id='word_1_196' title='bbox 692 2492 776 2557; x_wconf 85' lang='grc' dir='ltr'>ἐννέα</span> <span class='ocrx_word' id='word_1_197' title='bbox 799 2493 847 2558; x_wconf 89' lang='grc' dir='ltr'>τὸν</span> <span class='ocrx_word' id='word_1_198' title='bbox 872 2493 998 2580; x_wconf 73' lang='grc' dir='ltr'>ἀριθμὸν</span> <span class='ocrx_word' id='word_1_199' title='bbox 1029 2519 1053 2558; x_wconf 90' lang='grc' dir='ltr'>κ·</span> <span class='ocrx_word' id='word_1_200' title='bbox 1067 2520 1090 2558; x_wconf 93' lang='grc' dir='ltr'>τ.</span> <span class='ocrx_word' id='word_1_201' title='bbox 1102 2499 1128 2560; x_wconf 92' lang='grc' dir='ltr'>λ.</span> <span class='ocrx_word' id='word_1_202' title='bbox 1174 2499 1307 2580; x_wconf 83' lang='lat' dir='ltr'>Apparet</span> <span class='ocrx_word' id='word_1_203' title='bbox 1334 2501 1385 2559; x_wconf 91' lang='lat' dir='ltr'>hic</span> 
     </span>
     <span class='ocr_line' id='line_1_22' title="bbox 240 2605 1385 2685; baseline 0.003 -20"><span class='ocrx_word' id='word_1_204' title='bbox 240 2605 277 2666; x_wconf 92' lang='lat' dir='ltr'>de</span> <span class='ocrx_word' id='word_1_205' title='bbox 299 2606 414 2685; x_wconf 81' lang='lat' dir='ltr'>populis</span> <span class='ocrx_word' id='word_1_206' title='bbox 438 2605 600 2666; x_wconf 79' lang='lat' dir='ltr'>Caucasum</span> <span class='ocrx_word' id='word_1_207' title='bbox 622 2605 818 2666; x_wconf 89' lang='lat' dir='ltr'>incolentibus</span> <span class='ocrx_word' id='word_1_208' title='bbox 842 2609 899 2684; x_wconf 83' lang='lat' dir='ltr'>agi.</span> <span class='ocrx_word' id='word_1_209' title='bbox 944 2605 1134 2668; x_wconf 86' lang='lat' dir='ltr'>Mithradatis</span> <span class='ocrx_word' id='word_1_210' title='bbox 1157 2617 1253 2668; x_wconf 87' lang='lat' dir='ltr'>aetate</span> <span class='ocrx_word' id='word_1_211' title='bbox 1274 2609 1385 2669; x_wconf 89' lang='lat' dir='ltr'>Istrum</span> 
     </span>
     <span class='ocr_line' id='line_1_23' title="bbox 238 2713 1384 2796; baseline 0.001 -23"><span class='ocrx_word' id='word_1_212' title='bbox 238 2713 368 2773; x_wconf 90' lang='lat' dir='ltr'>nondum</span> <span class='ocrx_word' id='word_1_213' title='bbox 383 2715 550 2792; x_wconf 83' lang='lat' dir='ltr'>attigerunt,</span> <span class='ocrx_word' id='word_1_214' title='bbox 567 2713 601 2774; x_wconf 83' lang='lat' dir='ltr'>ci.</span> <span class='ocrx_word' id='word_1_215' title='bbox 615 2735 691 2795; x_wconf 92' lang='lat' dir='ltr'>quae</span> <span class='ocrx_word' id='word_1_216' title='bbox 713 2735 735 2773; x_wconf 88' lang='lat' dir='ltr'>s.</span> <span class='ocrx_word' id='word_1_217' title='bbox 746 2736 774 2774; x_wconf 90' lang='lat' dir='ltr'>v.</span> <span class='ocrx_word' id='word_1_218' title='bbox 790 2713 942 2774; x_wconf 82' lang='lat' dir='ltr'>Sarmatae</span> <span class='ocrx_word' id='word_1_219' title='bbox 965 2717 1086 2795; x_wconf 84' lang='lat' dir='ltr'>exposui</span> <span class='ocrx_word' id='word_1_220' title='bbox 1104 2715 1144 2796; x_wconf 91' lang='lat' dir='ltr'>(p.</span> <span class='ocrx_word' id='word_1_221' title='bbox 1157 2717 1218 2794; x_wconf 83' lang='lat'>80).</span> <span class='ocrx_word' id='word_1_222' title='bbox 1256 2715 1305 2774; x_wconf 79' lang='lat' dir='ltr'>Ex</span> <span class='ocrx_word' id='word_1_223' title='bbox 1321 2715 1384 2795; x_wconf 85' lang='lat' dir='ltr'>Ap-</span> 
     </span>
    </p>
   </div>
   <div class='ocr_carea' id='block_1_5' title="bbox 240 2815 1386 2920">
    <p class='ocr_par' dir='ltr' id='par_1_5' title="bbox 240 2815 1386 2920">
     <span class='ocr_line' id='line_1_24' title="bbox 240 2815 1386 2920; baseline 0.003 -40"><span class='ocrx_word' id='word_1_224' title='bbox 240 2821 328 2920; x_wconf 86' lang='lat' dir='ltr'>piano</span> <span class='ocrx_word' id='word_1_225' title='bbox 350 2821 451 2883; x_wconf 89' lang='lat' dir='ltr'>Mithr.</span> <span class='ocrx_word' id='word_1_226' title='bbox 476 2822 515 2883; x_wconf 86' lang='grc'>69</span> <span class='ocrx_word' id='word_1_227' title='bbox 541 2815 695 2906; x_wconf 88' lang='grc' dir='ltr'>συμμαχοί</span> <span class='ocrx_word' id='word_1_228' title='bbox 717 2844 749 2882; x_wconf 89' lang='grc' dir='ltr'>τε</span> <span class='ocrx_word' id='word_1_229' title='bbox 773 2820 854 2907; x_wconf 76' lang='grc' dir='ltr'>αὐτῷ</span> <span class='ocrx_word' id='word_1_230' title='bbox 878 2821 1102 2906; x_wconf 72' lang='grc' dir='ltr'>προσγίγνονται</span> <span class='ocrx_word' id='word_1_231' title='bbox 1127 2871 1133 2884; x_wconf 91' lang='grc'><strong>.</strong></span> <span class='ocrx_word' id='word_1_232' title='bbox 1159 2870 1165 2883; x_wconf 94' lang='grc'><strong>.</strong></span> <span class='ocrx_word' id='word_1_233' title='bbox 1192 2872 1198 2885; x_wconf 92' lang='grc'><strong>.</strong></span> <span class='ocrx_word' id='word_1_234' title='bbox 1224 2819 1386 2906; x_wconf 80' lang='grc' dir='ltr'>περάσαντι</span> 
     </span>
    </p>
   </div>
   <div class='ocr_carea' id='block_1_6' title="bbox 240 2925 1389 4527">
    <p class='ocr_par' dir='ltr' id='par_1_6' title="bbox 240 2925 1389 4527">
     <span class='ocr_line' id='line_1_25' title="bbox 242 2925 1386 3013; baseline 0.002 -21"><span class='ocrx_word' id='word_1_235' title='bbox 242 2927 298 3000; x_wconf 65' lang='lat' dir='ltr'>tt&lt;</span> <span class='ocrx_word' id='word_1_236' title='bbox 321 2927 374 3013; x_wconf 77' lang='grc' dir='ltr'>τὴν</span> <span class='ocrx_word' id='word_1_237' title='bbox 398 2925 547 3013; x_wconf 81' lang='grc' dir='ltr'>Εὐρώπην</span> <span class='ocrx_word' id='word_1_238' title='bbox 571 2927 776 3013; x_wconf 81' lang='grc' dir='ltr'>Σαυροματῶν</span> <span class='ocrx_word' id='word_1_239' title='bbox 801 2926 830 2992; x_wconf 83' lang='grc' dir='ltr'>οἵ</span> <span class='ocrx_word' id='word_1_240' title='bbox 859 2953 891 2992; x_wconf 92' lang='grc' dir='ltr'>τε</span> <span class='ocrx_word' id='word_1_241' title='bbox 915 2929 1070 2994; x_wconf 76' lang='grc' dir='ltr'>Βασίλεια</span> <span class='ocrx_word' id='word_1_242' title='bbox 1101 2928 1151 2994; x_wconf 79' lang='grc' dir='ltr'>καί</span> <span class='ocrx_word' id='word_1_243' title='bbox 1174 2927 1304 3013; x_wconf 71' lang='grc' dir='ltr'>Ἰάζυγες</span> <span class='ocrx_word' id='word_1_244' title='bbox 1336 2929 1386 2995; x_wconf 84' lang='grc' dir='ltr'>καί</span> 
     </span>
     <span class='ocr_line' id='line_1_26' title="bbox 241 3019 1384 3125; baseline 0.007 -29"><span class='ocrx_word' id='word_1_245' title='bbox 241 3031 393 3120; x_wconf 86' lang='grc' dir='ltr'>Κάραλλοι</span> <span class='ocrx_word' id='word_1_246' title='bbox 426 3031 476 3098; x_wconf 85' lang='grc' dir='ltr'>καί</span> <span class='ocrx_word' id='word_1_247' title='bbox 499 3033 614 3120; x_wconf 71' lang='grc' dir='ltr'>Θρᾷκες</span> <span class='ocrx_word' id='word_1_248' title='bbox 648 3037 704 3099; x_wconf 78' lang='grc' dir='ltr'>ὅσα</span> <span class='ocrx_word' id='word_1_249' title='bbox 736 3035 807 3121; x_wconf 89' lang='grc' dir='ltr'>γένη</span> <span class='ocrx_word' id='word_1_250' title='bbox 839 3037 920 3122; x_wconf 88' lang='grc' dir='ltr'>παρά</span> <span class='ocrx_word' id='word_1_251' title='bbox 941 3019 1122 3123; x_wconf 81' lang='grc' dir='ltr'>τάν”ίστρον</span> <span class='ocrx_word' id='word_1_252' title='bbox 1146 3063 1165 3122; x_wconf 90' lang='grc' dir='ltr'>η</span> <span class='ocrx_word' id='word_1_253' title='bbox 1186 3032 1384 3125; x_wconf 77' lang='grc' dir='ltr'>Ῥοδώπηνῆ</span> 
     </span>
     <span class='ocr_line' id='line_1_27' title="bbox 240 3139 1387 3232; baseline 0.006 -27"><span class='ocrx_word' id='word_1_254' title='bbox 240 3139 288 3205; x_wconf 79' lang='grc' dir='ltr'>τὸν</span> <span class='ocrx_word' id='word_1_255' title='bbox 313 3139 408 3226; x_wconf 82' lang='grc' dir='ltr'>Αἷμον</span> <span class='ocrx_word' id='word_1_256' title='bbox 443 3140 575 3220; x_wconf 81' lang='grc' dir='ltr'>οἰκοῦσι,</span> <span class='ocrx_word' id='word_1_257' title='bbox 608 3139 657 3206; x_wconf 83' lang='grc' dir='ltr'>ναί</span> <span class='ocrx_word' id='word_1_258' title='bbox 690 3141 737 3207; x_wconf 83' lang='grc' dir='ltr'>ἐπὶ</span> <span class='ocrx_word' id='word_1_259' title='bbox 767 3147 869 3209; x_wconf 84' lang='grc' dir='ltr'>τοῖσδε</span> <span class='ocrx_word' id='word_1_260' title='bbox 900 3143 1068 3232; x_wconf 84' lang='grc' dir='ltr'>Βαστέρναι</span> <span class='ocrx_word' id='word_1_261' title='bbox 1102 3149 1221 3210; x_wconf 90' lang='lat' dir='ltr'>minime</span> <span class='ocrx_word' id='word_1_262' title='bbox 1254 3153 1387 3232; x_wconf 85' lang='lat' dir='ltr'>sequitur</span> 
     </span>
     <span class='ocr_line' id='line_1_28' title="bbox 241 3243 1382 3339; baseline 0.007 -26"><span class='ocrx_word' id='word_1_263' title='bbox 241 3243 372 3332; x_wconf 81' lang='lat' dir='ltr'>Janyges</span> <span class='ocrx_word' id='word_1_264' title='bbox 407 3253 445 3312; x_wconf 89' lang='lat' dir='ltr'>ad</span> <span class='ocrx_word' id='word_1_265' title='bbox 473 3253 581 3314; x_wconf 85' lang='lat' dir='ltr'>Istrum</span> <span class='ocrx_word' id='word_1_266' title='bbox 608 3253 715 3331; x_wconf 85' lang='lat' dir='ltr'>fuisse,</span> <span class='ocrx_word' id='word_1_267' title='bbox 747 3255 798 3316; x_wconf 91' lang='lat' dir='ltr'>sed</span> <span class='ocrx_word' id='word_1_268' title='bbox 831 3257 881 3316; x_wconf 92' lang='lat' dir='ltr'>ubi</span> <span class='ocrx_word' id='word_1_269' title='bbox 913 3255 1017 3318; x_wconf 85' lang='lat' dir='ltr'>Strabo</span> <span class='ocrx_word' id='word_1_270' title='bbox 1050 3277 1099 3318; x_wconf 89' lang='lat' dir='ltr'>eos</span> <span class='ocrx_word' id='word_1_271' title='bbox 1135 3262 1233 3339; x_wconf 87' lang='lat' dir='ltr'>ponit,</span> <span class='ocrx_word' id='word_1_272' title='bbox 1267 3281 1294 3339; x_wconf 87' lang='lat' dir='ltr'>p.</span> <span class='ocrx_word' id='word_1_273' title='bbox 1320 3262 1382 3321; x_wconf 80' lang='lat'>306</span> 
     </span>
     <span class='ocr_line' id='line_1_29' title="bbox 241 3355 1387 3448; baseline 0.009 -30"><span class='ocrx_word' id='word_1_274' title='bbox 241 3359 260 3442; x_wconf 76' lang='grc' dir='ltr'><strong>ἡ</strong></span> <span class='ocrx_word' id='word_1_275' title='bbox 286 3355 319 3419; x_wconf 83' lang='grc' dir='ltr'>δέ</span> <span class='ocrx_word' id='word_1_276' title='bbox 342 3356 534 3443; x_wconf 79' lang='grc' dir='ltr'>ὑπερκειμένη</span> <span class='ocrx_word' id='word_1_277' title='bbox 558 3361 640 3422; x_wconf 82' lang='grc' dir='ltr'>πᾶσα</span> <span class='ocrx_word' id='word_1_278' title='bbox 662 3361 748 3446; x_wconf 85' lang='grc' dir='ltr'>χώρα</span> <span class='ocrx_word' id='word_1_279' title='bbox 771 3363 821 3424; x_wconf 78' lang='grc' dir='ltr'>τοῦ</span> <span class='ocrx_word' id='word_1_280' title='bbox 853 3361 1012 3448; x_wconf 76' lang='grc' dir='ltr'>λεχθέντος</span> <span class='ocrx_word' id='word_1_281' title='bbox 1043 3362 1153 3446; x_wconf 81' lang='grc' dir='ltr'>μεταξὺ</span> <span class='ocrx_word' id='word_1_282' title='bbox 1178 3355 1387 3448; x_wconf 77' lang='grc' dir='ltr'>Βορυσθένους</span> 
     </span>
     <span class='ocr_line' id='line_1_30' title="bbox 240 3455 1386 3558; baseline 0.006 -30"><span class='ocrx_word' id='word_1_283' title='bbox 240 3461 290 3528; x_wconf 81' lang='grc' dir='ltr'>καί</span> <span class='ocrx_word' id='word_1_284' title='bbox 306 3455 427 3550; x_wconf 73' lang='grc' dir='ltr'>Ἴστρου</span> <span class='ocrx_word' id='word_1_285' title='bbox 450 3467 553 3552; x_wconf 84' lang='grc' dir='ltr'>πρώτη</span> <span class='ocrx_word' id='word_1_286' title='bbox 579 3463 629 3552; x_wconf 88' lang='grc' dir='ltr'>μέν</span> <span class='ocrx_word' id='word_1_287' title='bbox 653 3469 731 3532; x_wconf 85' lang='grc' dir='ltr'>ἐστιν</span> <span class='ocrx_word' id='word_1_288' title='bbox 747 3471 766 3553; x_wconf 83' lang='grc' dir='ltr'>ἡ</span> <span class='ocrx_word' id='word_1_289' title='bbox 783 3473 842 3532; x_wconf 84' lang='grc' dir='ltr'>τῶν</span> <span class='ocrx_word' id='word_1_290' title='bbox 860 3467 958 3533; x_wconf 89' lang='grc' dir='ltr'>Γετών</span> <span class='ocrx_word' id='word_1_291' title='bbox 981 3467 1100 3555; x_wconf 79' lang='grc' dir='ltr'>ἐρημία,</span> <span class='ocrx_word' id='word_1_292' title='bbox 1124 3469 1225 3535; x_wconf 82' lang='grc' dir='ltr'>ἔπειτα</span> <span class='ocrx_word' id='word_1_293' title='bbox 1249 3473 1276 3535; x_wconf 83' lang='grc' dir='ltr'>οἱ</span> <span class='ocrx_word' id='word_1_294' title='bbox 1290 3467 1386 3558; x_wconf 79' lang='grc' dir='ltr'>Τυρτ-</span> 
     </span>
     <span class='ocr_line' id='line_1_31' title="bbox 241 3571 1386 3663; baseline 0.006 -28"><span class='ocrx_word' id='word_1_295' title='bbox 241 3571 334 3656; x_wconf 87' lang='grc' dir='ltr'>γέται,</span> <span class='ocrx_word' id='word_1_296' title='bbox 366 3574 433 3656; x_wconf 75' lang='grc' dir='ltr'>μεθ’</span> <span class='ocrx_word' id='word_1_297' title='bbox 458 3573 507 3645; x_wconf 81' lang='grc' dir='ltr'>οὓς</span> <span class='ocrx_word' id='word_1_298' title='bbox 531 3573 558 3636; x_wconf 84' lang='grc' dir='ltr'>οἱ</span> <span class='ocrx_word' id='word_1_299' title='bbox 581 3573 714 3657; x_wconf 76' lang='grc' dir='ltr'>Ἰάζυγες</span> <span class='ocrx_word' id='word_1_300' title='bbox 736 3575 891 3660; x_wconf 79' lang='grc' dir='ltr'>Σαρμάται</span> <span class='ocrx_word' id='word_1_301' title='bbox 913 3575 962 3640; x_wconf 76' lang='grc' dir='ltr'>καί</span> <span class='ocrx_word' id='word_1_302' title='bbox 994 3578 1021 3640; x_wconf 84' lang='grc' dir='ltr'>οἱ</span> <span class='ocrx_word' id='word_1_303' title='bbox 1045 3577 1199 3641; x_wconf 87' lang='grc' dir='ltr'>Βασίλειοι</span> <span class='ocrx_word' id='word_1_304' title='bbox 1229 3579 1386 3663; x_wconf 87' lang='grc' dir='ltr'>λεγόμενοι</span> 
     </span>
     <span class='ocr_line' id='line_1_32' title="bbox 241 3678 1385 3772; baseline 0.007 -28"><span class='ocrx_word' id='word_1_305' title='bbox 241 3679 293 3744; x_wconf 84' lang='grc' dir='ltr'>καί</span> <span class='ocrx_word' id='word_1_306' title='bbox 317 3678 435 3766; x_wconf 82' lang='grc' dir='ltr'>Οὖργοι,</span> <span class='ocrx_word' id='word_1_307' title='bbox 472 3681 504 3746; x_wconf 85' lang='grc' dir='ltr'>τὸ</span> <span class='ocrx_word' id='word_1_308' title='bbox 530 3679 581 3768; x_wconf 84' lang='grc' dir='ltr'>μέν</span> <span class='ocrx_word' id='word_1_309' title='bbox 606 3683 693 3747; x_wconf 86' lang='grc' dir='ltr'>πλέον</span> <span class='ocrx_word' id='word_1_310' title='bbox 716 3683 855 3768; x_wconf 79' lang='grc' dir='ltr'>νομάδες,</span> <span class='ocrx_word' id='word_1_311' title='bbox 891 3683 986 3769; x_wconf 80' lang='grc' dir='ltr'>ὀλίγοι</span> <span class='ocrx_word' id='word_1_312' title='bbox 1010 3684 1043 3749; x_wconf 77' lang='grc' dir='ltr'>δέ</span> <span class='ocrx_word' id='word_1_313' title='bbox 1073 3685 1124 3751; x_wconf 85' lang='grc' dir='ltr'>καί</span> <span class='ocrx_word' id='word_1_314' title='bbox 1146 3687 1293 3772; x_wconf 86' lang='grc' dir='ltr'>γεωργίας</span> <span class='ocrx_word' id='word_1_315' title='bbox 1317 3687 1385 3752; x_wconf 85' lang='grc' dir='ltr'>ἐπι-</span> 
     </span>
     <span class='ocr_line' id='line_1_33' title="bbox 244 3783 1385 3881; baseline 0.007 -30"><span class='ocrx_word' id='word_1_316' title='bbox 244 3788 436 3873; x_wconf 84' lang='grc' dir='ltr'>μελούμενοι·</span> <span class='ocrx_word' id='word_1_317' title='bbox 475 3789 595 3862; x_wconf 80' lang='grc' dir='ltr'>τούτους</span> <span class='ocrx_word' id='word_1_318' title='bbox 620 3787 709 3876; x_wconf 82' lang='grc' dir='ltr'>φασίν</span> <span class='ocrx_word' id='word_1_319' title='bbox 733 3789 782 3855; x_wconf 88' lang='grc' dir='ltr'>καὶ</span> <span class='ocrx_word' id='word_1_320' title='bbox 805 3789 886 3877; x_wconf 89' lang='grc' dir='ltr'>παρά</span> <span class='ocrx_word' id='word_1_321' title='bbox 908 3791 958 3857; x_wconf 86' lang='grc' dir='ltr'>τὸν</span> <span class='ocrx_word' id='word_1_322' title='bbox 974 3783 1089 3880; x_wconf 83' lang='grc' dir='ltr'>Ἴστρον</span> <span class='ocrx_word' id='word_1_323' title='bbox 1114 3795 1214 3877; x_wconf 79' lang='grc' dir='ltr'>αἰνεῖν,</span> <span class='ocrx_word' id='word_1_324' title='bbox 1239 3797 1287 3881; x_wconf 81' lang='grc' dir='ltr'>ἐφ’</span> <span class='ocrx_word' id='word_1_325' title='bbox 1311 3794 1385 3859; x_wconf 81' lang='grc' dir='ltr'>ἑκά-</span> 
     </span>
     <span class='ocr_line' id='line_1_34' title="bbox 242 3895 1385 3989; baseline 0.009 -30"><span class='ocrx_word' id='word_1_326' title='bbox 242 3911 313 3982; x_wconf 80' lang='grc' dir='ltr'>τερα</span> <span class='ocrx_word' id='word_1_327' title='bbox 335 3895 485 3970; x_wconf 81' lang='grc' dir='ltr'>πολλάκις.</span> <span class='ocrx_word' id='word_1_328' title='bbox 521 3921 547 3980; x_wconf 91' lang='lat' dir='ltr'>p.</span> <span class='ocrx_word' id='word_1_329' title='bbox 574 3903 636 3962; x_wconf 81' lang='lat'>294</span> <span class='ocrx_word' id='word_1_330' title='bbox 659 3898 687 3962; x_wconf 90' lang='grc' dir='ltr'>τί</span> <span class='ocrx_word' id='word_1_331' title='bbox 711 3896 800 3966; x_wconf 72' lang='grc' dir='ltr'>δ’ἐστὶ</span> <span class='ocrx_word' id='word_1_332' title='bbox 825 3899 915 3986; x_wconf 76' lang='grc' dir='ltr'>πέραν</span> <span class='ocrx_word' id='word_1_333' title='bbox 939 3909 990 3987; x_wconf 79' lang='grc' dir='ltr'>τῆς</span> <span class='ocrx_word' id='word_1_334' title='bbox 1015 3897 1178 3989; x_wconf 85' lang='grc' dir='ltr'>Γερμανίας</span> <span class='ocrx_word' id='word_1_335' title='bbox 1201 3901 1253 3966; x_wconf 83' lang='grc' dir='ltr'>καί</span> <span class='ocrx_word' id='word_1_336' title='bbox 1274 3903 1302 3967; x_wconf 88' lang='grc' dir='ltr'>τί</span> <span class='ocrx_word' id='word_1_337' title='bbox 1324 3907 1385 3969; x_wconf 85' lang='grc' dir='ltr'>τῶν</span> 
     </span>
     <span class='ocr_line' id='line_1_35' title="bbox 243 4004 1384 4097; baseline 0.009 -28"><span class='ocrx_word' id='word_1_338' title='bbox 243 4004 342 4070; x_wconf 81' lang='grc' dir='ltr'>ἄλλων</span> <span class='ocrx_word' id='word_1_339' title='bbox 365 4007 442 4090; x_wconf 64' lang='grc' dir='ltr'>ἑξῆς,</span> <span class='ocrx_word' id='word_1_340' title='bbox 467 4007 527 4071; x_wconf 85' lang='grc' dir='ltr'>εἴτε</span> <span class='ocrx_word' id='word_1_341' title='bbox 545 4006 721 4093; x_wconf 87' lang='grc' dir='ltr'>Βαστάρνας</span> <span class='ocrx_word' id='word_1_342' title='bbox 744 4008 803 4095; x_wconf 81' lang='grc' dir='ltr'>χρὴ</span> <span class='ocrx_word' id='word_1_343' title='bbox 828 4010 933 4092; x_wconf 90' lang='grc' dir='ltr'>λέγειν,</span> <span class='ocrx_word' id='word_1_344' title='bbox 959 4015 999 4084; x_wconf 89' lang='grc' dir='ltr'>ώς</span> <span class='ocrx_word' id='word_1_345' title='bbox 1023 4013 1049 4075; x_wconf 83' lang='grc' dir='ltr'>οἱ</span> <span class='ocrx_word' id='word_1_346' title='bbox 1066 4013 1184 4086; x_wconf 85' lang='grc' dir='ltr'>πλείους</span> <span class='ocrx_word' id='word_1_347' title='bbox 1202 4013 1384 4097; x_wconf 76' lang='grc' dir='ltr'>ὑπονοοῦσιν,</span> 
     </span>
     <span class='ocr_line' id='line_1_36' title="bbox 243 4112 1385 4206; baseline 0.011 -30"><span class='ocrx_word' id='word_1_348' title='bbox 243 4113 295 4178; x_wconf 79' lang='grc' dir='ltr'>εἴτ’</span> <span class='ocrx_word' id='word_1_349' title='bbox 319 4112 426 4186; x_wconf 80' lang='grc' dir='ltr'>ἄλλους</span> <span class='ocrx_word' id='word_1_350' title='bbox 451 4115 556 4198; x_wconf 75' lang='grc' dir='ltr'>μεταξὺ</span> <span class='ocrx_word' id='word_1_351' title='bbox 580 4121 599 4199; x_wconf 75' lang='grc' dir='ltr'>ἢ</span> <span class='ocrx_word' id='word_1_352' title='bbox 624 4115 759 4200; x_wconf 71' lang='grc' dir='ltr'>Ἰάζυγας</span> <span class='ocrx_word' id='word_1_353' title='bbox 781 4145 801 4202; x_wconf 86' lang='grc' dir='ltr'>η</span> <span class='ocrx_word' id='word_1_354' title='bbox 821 4113 1029 4192; x_wconf 74' lang='grc' dir='ltr'>Ῥωὶολανοὺς</span> <span class='ocrx_word' id='word_1_355' title='bbox 1052 4123 1071 4206; x_wconf 81' lang='grc' dir='ltr'><strong>ἥ</strong></span> <span class='ocrx_word' id='word_1_356' title='bbox 1095 4147 1174 4194; x_wconf 87' lang='grc' dir='ltr'>τινας</span> <span class='ocrx_word' id='word_1_357' title='bbox 1198 4122 1305 4196; x_wconf 80' lang='grc' dir='ltr'>ἄλλους</span> <span class='ocrx_word' id='word_1_358' title='bbox 1326 4131 1385 4190; x_wconf 86' lang='grc' dir='ltr'>τῶν</span> 
     </span>
     <span class='ocr_line' id='line_1_37' title="bbox 244 4216 1385 4316; baseline 0.009 -30"><span class='ocrx_word' id='word_1_359' title='bbox 244 4222 412 4308; x_wconf 82' lang='grc' dir='ltr'>άμαξοίκιυν</span> <span class='ocrx_word' id='word_1_360' title='bbox 444 4224 477 4286; x_wconf 84' lang='grc' dir='ltr'>οὐ</span> <span class='ocrx_word' id='word_1_361' title='bbox 509 4216 608 4308; x_wconf 70' lang='grc' dir='ltr'>ῥηίδιον</span> <span class='ocrx_word' id='word_1_362' title='bbox 642 4226 742 4288; x_wconf 77' lang='grc' dir='ltr'>εἰπεῖν.</span> <span class='ocrx_word' id='word_1_363' title='bbox 788 4229 893 4289; x_wconf 82' lang='lat' dir='ltr'>Strabo</span> <span class='ocrx_word' id='word_1_364' title='bbox 921 4233 1012 4308; x_wconf 87' lang='lat' dir='ltr'>igitur</span> <span class='ocrx_word' id='word_1_365' title='bbox 1041 4253 1090 4292; x_wconf 89' lang='lat' dir='ltr'>eos</span> <span class='ocrx_word' id='word_1_366' title='bbox 1122 4243 1235 4314; x_wconf 88' lang='lat' dir='ltr'>partem</span> <span class='ocrx_word' id='word_1_367' title='bbox 1263 4245 1385 4316; x_wconf 89' lang='lat' dir='ltr'>septem-</span> 
     </span>
     <span class='ocr_line' id='line_1_38' title="bbox 242 4335 1386 4422; baseline 0.009 -28"><span class='ocrx_word' id='word_1_368' title='bbox 242 4335 395 4394; x_wconf 89' lang='lat' dir='ltr'>trionalem</span> <span class='ocrx_word' id='word_1_369' title='bbox 425 4339 486 4395; x_wconf 89' lang='lat' dir='ltr'>eius</span> <span class='ocrx_word' id='word_1_370' title='bbox 517 4345 609 4395; x_wconf 88' lang='lat' dir='ltr'>terrae</span> <span class='ocrx_word' id='word_1_371' title='bbox 637 4338 765 4397; x_wconf 88' lang='lat' dir='ltr'>incolere</span> <span class='ocrx_word' id='word_1_372' title='bbox 795 4338 868 4397; x_wconf 91' lang='lat' dir='ltr'>dicit</span> <span class='ocrx_word' id='word_1_373' title='bbox 890 4357 964 4418; x_wconf 88' lang='lat' dir='ltr'>quae</span> <span class='ocrx_word' id='word_1_374' title='bbox 987 4341 1061 4400; x_wconf 83' lang='lat' dir='ltr'>Istro</span> <span class='ocrx_word' id='word_1_375' title='bbox 1086 4352 1114 4401; x_wconf 90' lang='lat' dir='ltr'>ot</span> <span class='ocrx_word' id='word_1_376' title='bbox 1137 4344 1319 4422; x_wconf 87' lang='lat' dir='ltr'>Borysthene</span> <span class='ocrx_word' id='word_1_377' title='bbox 1342 4348 1386 4404; x_wconf 91' lang='lat' dir='ltr'>in-</span> 
     </span>
     <span class='ocr_line' id='line_1_39' title="bbox 243 4442 1389 4527; baseline 0.01 -23"><span class='ocrx_word' id='word_1_378' title='bbox 243 4442 378 4521; x_wconf 87' lang='lat' dir='ltr'>cluditur,</span> <span class='ocrx_word' id='word_1_379' title='bbox 412 4452 445 4505; x_wconf 93' lang='lat' dir='ltr'>ut</span> <span class='ocrx_word' id='word_1_380' title='bbox 467 4443 584 4506; x_wconf 86' lang='lat' dir='ltr'>videtur</span> <span class='ocrx_word' id='word_1_381' title='bbox 604 4465 696 4526; x_wconf 89' lang='lat' dir='ltr'>prope</span> <span class='ocrx_word' id='word_1_382' title='bbox 717 4446 811 4527; x_wconf 77' lang='lat' dir='ltr'>Alpes</span> <span class='ocrx_word' id='word_1_383' title='bbox 833 4447 1026 4508; x_wconf 85' lang='lat' dir='ltr'>Bastarnicas.</span> <span class='ocrx_word' id='word_1_384' title='bbox 1072 4450 1167 4512; x_wconf 77' lang='lat' dir='ltr'>Situm</span> <span class='ocrx_word' id='word_1_385' title='bbox 1189 4471 1287 4514; x_wconf 89' lang='lat' dir='ltr'>eorum</span> <span class='ocrx_word' id='word_1_386' title='bbox 1308 4463 1389 4516; x_wconf 86' lang='lat' dir='ltr'>recte</span> 
     </span>
    </p>
   </div>
   <div class='ocr_carea' id='block_1_7' title="bbox 0 0 1602 4956">
    <p class='ocr_par' dir='ltr' id='par_1_7' title="bbox 0 0 1602 4956">
     <span class='ocr_line' id='line_1_40' title="bbox 0 0 1602 4956; baseline 0 0"><span class='ocrx_word' id='word_1_387' title='bbox 0 0 1602 4956; x_wconf 95' lang='lat' dir='ltr'> </span> 
     </span>
    </p>
   </div>
  </div>
 </body>
</html>
