3190 4956
768 243 807 308 88

220 433 339 507 paratus
369 432 429 502 est,
463 433 496 486 ut
526 447 586 486 non
617 424 794 505 sperandum
816 427 856 484 sit
877 446 931 484 nos
953 423 1067 505 Libyae
1089 420 1293 505 descriptionis
1315 443 1364 487 ve·

220 540 309 615 stigio
338 539 507 596 inventuros
536 555 615 609 esse,
650 545 747 594 tamen
778 537 904 612 vestigia
932 541 1108 594 manserunt.
1153 535 1247 595 Poeta
1270 535 1296 594 V
1322 539 1362 596 22

219 644 367 704 Arsinoen
396 643 537 724 oppidum
568 652 789 719 commemorat,
825 641 903 723 quod
932 642 1088 722 oppidum,
1117 651 1249 702 nostrum
1276 644 1361 720 Suez,

220 770 313 831 neque
345 751 473 831 amplum
507 771 601 831 neque
631 751 730 811 nobile
762 769 857 830 neque
887 753 981 830 poetis
1014 760 1114 810 notum
1142 749 1292 812 Valerium
1324 771 1362 812 ex

220 860 433 939 chorographia
454 863 612 939 sumpsisse
633 863 695 920 veri
718 861 896 920 simillimum
919 870 970 919 est.
1015 859 1138 940 Saepius
1167 862 1237 920 mihi
1272 882 1362 942 appa-

220 971 280 1026 ruit
302 967 380 1027 hunc
402 977 517 1047 poetam
539 967 663 1042 studere,
684 975 717 1026 ut
739 970 816 1026 tritis
838 969 894 1026 viis
917 967 1026 1046 relictis
1048 989 1141 1028 novas
1156 989 1202 1028 res
1216 971 1247 1028 in
1261 973 1361 1049 poesin

220 1075 348 1136 inducat.
393 1077 511 1157 Reliqui
532 1086 637 1157 poetae
659 1086 692 1136 ut
713 1078 882 1157 Aegyptum
905 1077 1069 1155 significent
1091 1078 1259 1157 Memphim,
1283 1079 1362 1138 The·

221 1183 283 1257 bas,
306 1184 434 1259 Meroen,
456 1183 543 1244 urbes
566 1188 727 1265 antiquitus
749 1184 952 1260 nobilissimas,
975 1186 1137 1266 appellant:
1170 1186 1307 1245 Valerius
1329 1195 1363 1246 ut

219 1286 281 1350 erat
302 1291 389 1350 homo
410 1295 578 1370 ingeniosus
599 1313 692 1373 neque
714 1297 801 1353 anxie
824 1292 957 1353 imitandi
988 1293 1109 1373 cupidus
1143 1294 1257 1373 aliquid
1290 1298 1363 1354 novi-

221 1393 347 1479 proferre
368 1401 439 1459 vult.
485 1401 598 1461 Eodem
620 1402 718 1462 studio
741 1411 889 1482 permotus
911 1410 964 1483 pro
987 1404 1147 1483 Hyrcaniis
1168 1404 1252 1464 silvis
1270 1406 1361 1462 Ama·

222 1529 290 1567 num
314 1508 454 1586 tigridum
475 1513 601 1589 patriam
624 1532 686 1571 esse
708 1512 809 1589 fingit,
843 1511 944 1571 eodem
973 1512 1070 1571 studio
1097 1521 1245 1591 permotus
1267 1512 1361 1590 Argo-

221 1627 374 1676 nautarum
396 1617 513 1677 fabulae
535 1622 619 1678 novis
641 1618 779 1678 subsidiis
803 1639 870 1678 usus
893 1640 1001 1678 novum
1024 1620 1132 1679 bellum
1154 1619 1246 1679 addit.
1325 1697 1326 1702 ἵ

310 1726 378 1784 Duo
402 1725 510 1805 oppida
532 1727 658 1801 Africae,
681 1727 818 1806 Thapsus
841 1735 870 1787 et
892 1727 1055 1807 Thysdrus,
1079 1728 1225 1806 Cyziceno
1244 1729 1364 1808 Thapso

225 1833 284 1913 (III
309 1833 382 1913 191)
405 1841 434 1892 et
457 1834 566 1894 (lolcho
590 1834 714 1916 Thydro
737 1835 794 1913 (VI
819 1836 892 1915 639)
915 1839 1033 1894 nomina
1055 1835 1211 1912 dederunt,
1242 1811 1364 1917 quorum

224 1945 362 2026 Thapsus
391 1945 514 2003 victoria
538 1941 670 2002 Caesaris
699 1933 819 2017 nobilis,
850 1941 1007 2022 Thysdrus
1036 1953 1152 2022 praeter
1182 1943 1366 2023 geographos

227 2053 361 2113 omnibus
384 2053 443 2113 fere
465 2052 632 2112 hominibus
654 2055 757 2130 ignota
779 2059 852 2128 erat,
883 2055 925 2112 ita
954 2061 987 2111 ut
1011 2053 1159 2112 Valerium
1181 2072 1245 2111 eam
1267 2053 1367 2111 choro-

227 2165 367 2245 graphiae
389 2162 494 2224 debere
516 2165 579 2224 veri
601 2162 781 2222 simillimum
802 2165 848 2222 sit.
1367 2143 1370 2148 ¹

319 2813 377 2875 His
401 2814 485 2878 rebus
508 2818 678 2898 singillatim
703 2823 887 2903 pertractatis
909 2830 998 2883 restat
1020 2827 1053 2881 ut
1074 2819 1175 2902 paucis
1197 2817 1294 2878 verbis
1316 2817 1368 2875 cir-

228 2926 419 2986 cumscribam
442 2929 572 3009 quidde
596 2931 705 2991 Valerii
729 2942 847 2993 auctore
870 2933 1090 2993 enucleaverim.

316 3036 454 3096 Valerius
478 3060 546 3098 usus
570 3049 613 3099 est
642 3041 855 3122 chorographia
888 3042 1032 3123 quadam,
1068 3060 1141 3121 quae
1173 3041 1262 3098 totius
1295 3036 1372 3108 orbis

227 3151 368 3204 terrarum
399 3147 624 3230 descriptionem
653 3155 805 3212 continuit.
852 3151 962 3214 Omnes
990 3173 1036 3212 res
1068 3149 1200 3210 indicant
1221 3147 1372 3208 Valerium

229 3259 261 3316 in
282 3259 461 3338 geographia
483 3281 572 3320 unum
595 3271 741 3323 auctorem
764 3271 892 3324 secutum
916 3281 994 3331 esse.
1027 3283 1087 3322 non
1116 3269 1159 3320 est
1190 3281 1242 3319 cur
1264 3267 1372 3318 statua-

230 3388 294 3426 mus
317 3387 382 3427 eum
405 3372 566 3451 complures
589 3383 720 3433 auctores
743 3377 817 3432 varii
841 3377 979 3454 temporis
1001 3381 1030 3432 et
1053 3373 1216 3450 argumenti
1245 3372 1373 3450 exscrip-

232 3480 313 3556 sisse.
360 3478 395 3537 Id
428 3483 588 3540 certissime
619 3491 740 3562 apparet
761 3482 870 3544 Melam
907 3489 936 3542 et
957 3469 1086 3540 Plinium
1117 3501 1135 3538 a
1164 3471 1293 3538 Valerio
1314 3497 1374 3535 non

232 3563 380 3645 adhibitos
403 3606 473 3648 csse.
520 3587 597 3648 Satis
620 3589 776 3669 diligenter
798 3590 1011 3668 chorographia
1033 3609 1102 3647 usus
1125 3597 1177 3662 est,
1206 3605 1301 3668 neque
1321 3607 1374 3645 no-

231 3678 343 3756 minum
374 3695 445 3756 ordo
479 3706 539 3756 tam
575 3698 707 3758 turbatus
739 3707 784 3758 est
818 3720 904 3778 quam
937 3696 1056 3778 quidam
1086 3697 1171 3756 nobis
1200 3695 1376 3776 persuadere

233 3815 383 3887 conantur,
403 3825 511 3885 „neque
541 3826 587 3866 res
614 3805 651 3867 de
674 3808 809 3886 gentibus
832 3816 967 3866 narratae
990 3805 1048 3866 fide
1070 3804 1210 3882 indignae
1233 3813 1376 3884 quatenus

232 3931 249 3972 e
272 3912 484 3992 chorographia
508 3915 612 3976 ductae
634 3926 718 3994 sunt,
752 3917 839 3977 facile
869 3915 1072 3976 discernuntur
1094 3933 1168 3993 quae
1191 3913 1256 3970 aliis
1278 3919 1377 3969 aucto-

232 4022 314 4081 “rihus
348 4020 496 4081 debentur.
541 4022 623 4082 Inter
652 4023 705 4081 hos
741 4032 874 4082 auctores
907 4023 992 4100 longe
1023 4013 1148 4100 primum
1179 4017 1275 4078 locum
1297 4023 1378 4076 tenet

235 4129 419 4190 Herodotus:
448 4133 550 4211 ipsum
572 4130 708 4191 Valerius
731 4152 788 4190 non
810 4131 899 4210 legit,
932 4129 1076 4210 permulta
1098 4137 1194 4188 autem
1226 4147 1263 4187 ex
1285 4126 1379 4185 Hero-

236 4237 306 4314 doto
338 4243 369 4299 in
397 4239 625 4320 chorographias
657 4240 800 4300 translata
829 4248 905 4302 sunt.
950 4238 1060 4299 Omnes
1089 4256 1136 4296 res
1165 4234 1380 4315 geographicae

236 4353 369 4430 exceptis
391 4353 433 4410 eis
457 4369 531 4430 quae
554 4370 627 4434 cum
641 4349 880 4428 Argonautarum
902 4347 1014 4428 periplo
1038 4345 1194 4406 cohaerent
1228 4343 1381 4419 chorogra-

240 4459 329 4540 phiae
352 4457 502 4536 debentur,
525 4478 619 4542 neque
642 4461 798 4542 quicquam
816 4454 941 4521 ¹aliunde
963 4454 1145 4534 desumptum
1176 4460 1229 4515 est.
1274 4452 1385 4510 Aucto-
