3190 4956
771 186 811 248 49

221 364 340 432 tiaratae
374 363 500 420 Ihosaois
537 365 719 420 Bore'stheaea
756 365 924 420 Maeotidae
961 363 1036 420 Nais
1073 365 1216 422 Ihesa‘mon
1249 364 1364 422 Phaer‘sa.

222 469 372 546 Respicias
395 488 482 547 quam
504 466 591 524 simili
615 463 701 524 modo
726 465 862 525 Valerius
895 475 925 526 et
949 467 1174 548 cosmographus
1195 469 1314 527 Novam
1336 476 1366 527 et

222 573 398 634 Maeotidem
427 577 618 650 coniungant:
648 580 768 652 uterque
797 573 975 634 Maeotidem
1005 579 1037 634 in
1058 576 1212 634 fluviorum
1244 593 1364 635 numero

220 679 307 740 habet
315 676 346 760 ¹).
392 677 475 753 Quae
491 680 649 740 similitudo
672 681 792 740 fortuita
814 702 873 740 non
896 689 949 742 est.
993 681 1106 741 Eadem
1130 691 1174 743 est
1188 684 1364 742 enumeratio

221 786 300 868 apud
331 788 438 847 lulium
468 789 634 848 Honorium
666 809 729 869 cap.
766 791 846 848 33s:
888 795 994 850 Tanais
1024 795 1206 867 Borysthenes
1235 795 1364 848 Maeotae

220 901 293 957 Nais
322 903 465 975 ssmmyses
497 904 603 958 Phasis.
649 898 779 978 Uterque
810 897 907 958 addit:
936 904 1036 972 slaviam
1069 902 1143 959 Nais
1171 905 1296 958 amciter
1330 903 1363 957 de

221 1018 311 1066 monte
341 1012 443 1082 Tauro,
465 1013 561 1080 defluit
590 1014 623 1068 ia
652 1028 729 1067 mare
760 1013 914 1082 Porrima,
937 1015 1025 1068 sarrit
1053 1013 1131 1068 milia
1165 1008 1271 1066 GOGV.
1316 1005 1365 1064 Illi

220 1112 383 1192 geographi
405 1089 537 1171 Taurum
566 1111 689 1171 multum
712 1112 928 1188 extendebant;
958 1115 1029 1172 item
1051 1112 1128 1171 Ptol.
1155 1115 1219 1186 9,14
1243 1133 1260 1170 a
1282 1119 1365 1190 parte

219 1216 439 1296 septentrionali
468 1218 558 1277 Ponti
588 1220 731 1276 montium
760 1221 830 1295 iuga
853 1217 992 1292 adnotat,
1021 1212 1058 1279 τὰ
1078 1209 1199 1278 ‘lassad
1222 1213 1293 1298 ὄρη,
1325 1212 1363 1277 τὰ

220 1315 384 1404 Κεραύνια,
417 1321 432 1382 ὁ
466 1315 575 1404 Κόραξ.
622 1321 744 1382 Constat
775 1322 959 1402 geographos
991 1324 1115 1382 Latinos
1146 1325 1196 1402 qui
1224 1329 1365 1380 vocantur

219 1435 344 1491 minores
373 1431 410 1491 ab
443 1434 552 1512 optimo
583 1439 698 1491 vetusto
730 1441 847 1492 auctore
874 1431 1047 1512 repetendos
1078 1451 1158 1506 esse,
1188 1434 1237 1511 qui
1270 1433 1363 1510 primo

218 1563 245 1620 p.
258 1541 326 1601 Chr.
343 1541 458 1600 saeculo
481 1561 540 1600 non
555 1543 698 1601 recentior
720 1550 769 1601 est.
808 1541 943 1602 Valerius
958 1550 988 1602 et
1008 1541 1040 1600 hi
1055 1540 1215 1620 geographi
1236 1541 1363 1598 invicem

217 1650 272 1708 sibi
289 1649 421 1710 subsidio
445 1658 518 1708 sunt,
565 1650 608 1708 Ut
630 1653 776 1708 novicium
799 1670 904 1710 nomen
919 1651 1023 1710 Novae
1046 1649 1127 1709 fluvii
1151 1649 1281 1708 dicamus
1303 1667 1363 1706 non

217 1759 366 1818 sufficiunt
396 1777 471 1838 quae
494 1757 602 1816 tradita
630 1767 717 1833 sunt;
751 1759 782 1818 id
812 1767 925 1818 tanturn
955 1769 1032 1820 certe
1061 1759 1181 1819 definire
1209 1777 1362 1838 possumus

218 1863 334 1922 Novam
356 1883 416 1922 non
447 1863 534 1940 longe
556 1885 574 1920 a
596 1863 744 1923 Maeotide
767 1867 907 1924 orientem
939 1885 1041 1924 versus
1064 1884 1143 1938 esse;
1174 1863 1297 1922 fortasse
1318 1865 1362 1921 in-

216 1971 280 2031 fluit
302 1975 334 2030 in
357 1971 550 2047 Maeotidem‚
580 1980 613 2031 ut
635 1973 735 2052 Lycus
764 1980 794 2032 et
815 1974 954 2054 Hypanis
978 1993 1049 2054 quos
1080 1974 1184 2032 fluvios
1207 1993 1265 2030 una
1297 1991 1361 2030 cum

214 2082 301 2141 Nova
324 2081 460 2142 Valerius
482 2091 638 2142 enumeret.

303 2190 386 2266 Quae
408 2191 544 2250 Valerius
567 2190 604 2251 de
627 2191 734 2251 accolis
756 2193 860 2252 Novae
882 2201 989 2270 narrat,
1012 2193 1058 2254 VI
1082 2195 1120 2252 99

386 2319 435 2357 aec
466 2304 563 2372 moral
583 2303 701 2358 meotes
722 2307 833 2374 pamiae
855 2306 922 2372 ferit
943 2305 1036 2376 aclyde
1057 2321 1171 2373 parmas

214 2423 275 2462 non
302 2423 339 2462 ex
362 2403 575 2482 chorographia
597 2407 737 2483 sumpsit,
770 2403 879 2464 sodex
903 2404 1016 2464 duobus
1041 2403 1165 2481 Vergilii
1188 2401 1261 2460 locis
1284 2421 1360 2460 com-

213 2511 320 2589 posuit,
345 2509 406 2568 VII
431 2511 491 2568 687

574 2640 642 2691 pars
663 2624 769 2693 spicode
790 2629 878 2695 pectet

385 2731 452 2788 birsa
474 2749 563 2786 meaa

212 2845 241 2896 et
265 2837 326 2897 VII
350 2839 412 2896 730

471 2955 566 3006 teretes
587 2956 653 3006 susat
675 2949 779 3022 aclydes
800 2952 853 3007 illis

385 3061 446 3115 tela.

301 3168 404 3223 Ocheus
425 3199 467 3208 -
494 3167 583 3222 Ochae
603 3163 741 3242 (visos.
765 3165 814 3222 ΙΙΙ
829 3163 909 3242 148).
957 3165 1041 3225 Haec
1065 3163 1121 3225 duo
1141 3168 1259 3224 uomina
1281 3167 1358 3224 vari-

211 3280 275 3331 atas
297 3271 404 3331 formas
426 3275 512 3331 unius
535 3291 598 3332 esse
619 3281 748 3352 apparet.
786 3274 833 3333 De
856 3275 969 3350 origiue
992 3274 1101 3353 ambigi
1124 3283 1226 3354 potest.
1267 3273 1359 3332 Haud

212 3401 278 3440 raro
293 3381 401 3460 legitur
423 3400 584 3459 cognomen
600 3381 756 3440 Persarum
779 3400 880 3459 regum
896 3368 1002 3465 Ὦχος,
1027 3382 1104 3461 quod
1116 3383 1234 3442 Valerio
1256 3390 1358 3440 notum

210 3483 300 3545 fuisse
332 3505 368 3545 ex
391 3485 515 3545 aliorum
543 3487 691 3544 nominum
713 3486 899 3546 Persicorum
929 3507 984 3546 usu
1018 3486 1209 3546 concluditur.
1254 3487 1358 3547 Altera

211 3615 249 3656 ex
271 3603 355 3676 parte
378 3595 513 3656 Valerius
540 3595 596 3654 hoc
618 3615 723 3655 nomen
745 3596 851 3657 ducere
882 3600 977 3677 potuit
1000 3597 1037 3657 ab
1061 3594 1144 3656 Ocho
1166 3597 1255 3656 fluvio
1284 3597 1358 3658 Bac·

211 3707 325 3764 trianae
361 3707 411 3785 qui
440 3708 511 3784 quin
534 3704 613 3784 apud
651 3714 796 3767 auctorem
819 3707 931 3768 Valerii
966 3707 1054 3766 tuerit
1086 3727 1171 3767 nemo
1203 3705 1357 3767 dubitabit.

210 3811 444 3872 commemorant
466 3832 531 3873 eum
555 3813 633 3874 Ourt.
656 3813 719 3874 VII
745 3818 828 3889 10‚15.
858 3815 954 3875 Amm.
978 3815 1093 3874 XXIII
1116 3819 1181 3891 1151.
1211 3815 1286 3874 Pliu.
1310 3815 1358 3876 VI

210 3924 261 3981 48.
283 3923 398 3982 XXXI
422 3924 470 3982 75.
505 3923 594 3984 Solin.
621 3926 693 3998 493.
731 3922 837 3983 Strabo
862 3927 921 3984 509
948 3921 1110 4007 διαῤῥεῖται
1134 3919 1167 3984 δὲ
1190 3919 1239 3984 καὶ
1261 3945 1355 3984 ποτα-

210 4029 317 4114 poich
346 4023 490 4114 Ὑρκανία
515 4033 557 4115 τῷ
586 4053 618 4092 τε
641 4019 732 4116 Ὤχῳ
760 4029 811 4095 καὶ
827 4021 911 4118 Ὤξῳ
943 4031 1030 4117 μέχρι
1059 4037 1111 4115 τῆς
1142 4029 1183 4102 εἰς
1207 4029 1357 4094 θάλαττανΙ

282 4187 308 4256 1)
337 4188 368 4241 ln
397 4187 493 4242 tabula
522 4205 630 4256 quoque
657 4189 833 4244 Ebstorfiana
859 4189 973 4258 legimus
1003 4191 1103 4246 Meotc's
1129 4190 1237 4260 flumas.
1281 4191 1357 4245 Haec

208 4280 277 4335 satis
297 4281 480 4336 memorabilis
500 4281 658 4351 descriptio,
685 4283 847 4351 ubicumque
866 4283 1017 4352 invenitur,
1041 4285 1161 4353 repetita
1184 4290 1227 4338 est
1245 4284 1280 4338 ab
1307 4283 1356 4338 illa

208 4374 411 4447 chorographia
430 4390 500 4443 quae
519 4375 624 4431 Valerii
643 4376 784 4446 exemplar
802 4375 863 4432 suit.

1096 4478 1116 4534 4
