3190 4956
807 261 849 322 20

258 441 402 498 sententia
424 459 498 519 opus
520 445 563 496 est
585 437 734 496 lenissima
757 437 918 495 mutatione
940 435 1027 494 scribi
1044 440 1176 507 Pacorus,
1197 432 1277 514 quod
1299 452 1405 494 nomen

255 548 426 606 Parthicum
448 549 632 606 notissimum
653 546 709 605 fuit
730 546 878 604 Romanis.

633 699 650 754 i.
674 695 802 755 Nomina
823 695 1025 775 geographica.

343 832 405 886 Aea
426 827 557 907 nympha
581 827 621 904 (V
644 827 726 905 425).

345 942 462 1011 Aquites
484 935 620 995 sacerdos
642 933 779 995 Phasidis
802 934 858 1012 (VI
883 934 965 1012 295),
988 935 1025 992 ab
1047 933 1207 1013 Aquitanis
1218 927 1250 1010 ¹).

346 1044 486 1104 Similiter
508 1043 644 1104 Valerius
667 1043 703 1102 ab
725 1043 875 1104 Armeniis
897 1063 1000 1102 nornen
1022 1041 1101 1123 quod
1123 1050 1167 1101 est

345 1160 444 1213 Armes
465 1153 558 1211 finxit.

348 1265 464 1323 Caresus
496 1261 553 1339 (VI
578 1260 652 1334 192)
682 1260 807 1340 Scythes
836 1279 940 1319 nomen
969 1262 1082 1340 accepit
1111 1281 1129 1317 a
1157 1259 1248 1318 fluvio
1277 1256 1404 1338 quodam

260 1370 397 1444 Troadis,
419 1390 504 1450 quem
529 1370 662 1430 Valerius
683 1372 796 1429 invenit
817 1369 897 1449 apud
919 1369 1088 1442 Homerum,
1111 1368 1144 1426 Il.
1168 1367 1210 1431 Μ,
1225 1371 1264 1426 20

415 1477 498 1540 ὅσσοι
523 1475 572 1539 ἀπ’
595 1469 715 1539 Ἰδαίων
739 1474 834 1560 ὄρειον
861 1474 956 1537 altos
978 1473 1151 1560 apope'ouow

411 1578 526 1667 Ῥῆσος
550 1580 575 1645 ll'
599 1579 788 1667 Ἑπτάπορός
811 1606 843 1645 τε
866 1579 1007 1667 Κάρησός
1030 1607 1062 1645 τε
1081 1573 1202 1653 Ῥόδιός
1225 1605 1266 1644 τε.

349 1694 477 1755 Eosdem
499 1695 606 1754 fluvios
633 1715 669 1754 ex
691 1695 812 1753 Homeri
841 1697 969 1754 carmine
997 1703 1140 1754 noverunt
1164 1693 1270 1753 Strabo
1292 1714 1320 1773 p.
1335 1693 1405 1751 602.

263 1804 382 1864 PlinV
407 1808 468 1863 124
492 1803 605 1883 (codem
627 1803 746 1882 ordine).
792 1803 938 1863 Martialis
960 1804 1005 1863 VI
1029 1807 1118 1878 3931
1154 1804 1237 1863 affert
1267 1802 1407 1862 Coresum

264 1912 422 1992 quendam,
453 1916 534 1973 cuius
564 1932 668 1972 nomen
690 1934 755 1972 curn
778 1913 833 1972 hoc
857 1914 1091 1991 coniungendum
1114 1933 1177 1973 esse
1199 1935 1257 1972 non
1278 1921 1356 1992 puto.

353 2025 494 2083 Caucasus
517 2021 643 2082 Colchus
665 2022 723 2100 (VI
748 2025 830 2100 671).

352 2137 472 2192 Maeotis
493 2132 624 2211 nympha
646 2131 704 2206 (VI
728 2132 809 2210 565).
857 2131 991 2191 Valerius
1019 2133 1094 2191 hanc
1116 2132 1273 2212 nympham
1305 2129 1407 2190 eadem

266 2241 386 2300 licentia
417 2261 455 2301 ax
487 2241 596 2320 palude
626 2240 774 2300 Maeotide
806 2241 892 2300 finxit
925 2262 959 2300 ac
986 2242 1134 2318 Vergilius
1166 2241 1239 2300 Aen.
1269 2241 1315 2299 IV
1346 2242 1406 2299 198

267 2349 505 2410 Garamantidem
532 2351 692 2430 nympham
720 2369 756 2409 ex
779 2359 865 2428 gente
889 2349 1107 2409 Garamantum.
1152 2349 1265 2409 Eadem
1296 2351 1408 2408 ratione

268 2463 356 2518 Peuce
378 2460 508 2538 nympha
530 2459 619 2537 (VIII
642 2459 715 2538 256)
738 2469 768 2519 et
791 2465 901 2518 Paucos
923 2459 1047 2538 Scythes
1069 2459 1126 2536 (VI
1151 2459 1224 2537 564)
1247 2459 1306 2517 ficti
1331 2465 1406 2516 sunt.

356 2571 481 2628 Odmasu
503 2567 543 2646 (V
562 2567 644 2645 59]).
689 2567 757 2626 Hoc
779 2587 884 2626 nomen
906 2570 978 2626 socii
1002 2567 1151 2626 cuiusdam
1174 2566 1349 2627 Colchorum
1372 2567 1410 2626 ab

268 2673 450 2753 Odrysarum
483 2683 569 2753 genta
599 2674 781 2753 desumptum
814 2695 876 2734 esse
907 2694 991 2735 nemo
1023 2697 1080 2734 non
1114 2674 1202 2734 videt.
1259 2674 1411 2754 Syllabam

267 2783 393 2843 madiam
416 2787 446 2842 in
469 2782 650 2863 Odrysarum
672 2787 787 2843 nominc
810 2784 928 2843 brevem
952 2785 1087 2844 Valerius
1109 2784 1146 2842 ad
1170 2784 1320 2844 arbitrium
1344 2804 1410 2864 pro·

268 2890 353 2950 duxit
375 2892 472 2952 littera
496 2913 509 2951 s
532 2895 685 2969 geminata.

354 3005 442 3062 Sidon
463 3002 519 3079 (VI
544 3002 603 3079 69).
650 3000 773 3080 Scytbcs
804 3001 890 3060 fictus
922 3021 958 3060 ax
990 3002 1061 3061 urba
1084 3001 1261 3062 Phoeniciae
1291 3011 1341 3061 aut
1373 3020 1410 3061 ex

270 3119 357 3187 gente
380 3109 528 3170 Sidonum.

423 3251 451 3310 k.
475 3251 603 3310 Nomina
626 3254 744 3332 propria
766 3251 802 3311 da
825 3251 931 3332 quibus
953 3254 1093 3312 incertum
1115 3251 1262 3312 iudicium.

357 3389 439 3442 Aron
461 3386 557 3442 socius
581 3382 753 3442 Colchorum
776 3384 824 3461 (V,
850 3384 931 3462 587).

359 3495 508 3568 Campesus
529 3494 623 3551 socius
647 3491 821 3551 Colchorum
844 3493 883 3571 (V
909 3494 990 3572 590).

360 3603 512 3660 Ceramnus
535 3601 658 3680 Scythes
681 3601 739 3680 (VI
764 3603 848 3678 550).

357 3712 464 3770 Coastes
493 3709 553 3768 dux
585 3709 776 3769 Choatrarum
800 3711 856 3788 (VI
883 3711 965 3788 155).
1012 3711 1059 3770 Ab
1092 3711 1191 3791 aliqua
1214 3715 1333 3790 regiona
1362 3712 1412 3772 de-

272 3828 417 3898 sumptum
455 3838 517 3879 essa
550 3817 681 3892 videtur,
715 3821 815 3899 qualia
852 3829 919 3879 sunt
952 3824 1070 3879 nomina
1104 3823 1252 3895 eoscos,
1292 3823 1413 3894 650555,

272 3930 396 4000 OEsoara,
431 3929 584 4001 Cimonem,
618 3931 758 4002 Choaspes.
819 3926 903 4000 Quae
934 3929 1070 3988 Valerius
1104 3928 1141 3988 dc
1168 3929 1275 3989 Coasta
1306 3937 1414 4003 narrat,

273 4035 318 4096 VI
345 4037 450 4112 lobes,
473 4045 589 4118 sumpta
611 4045 679 4096 sunt
701 4057 738 4096 ex
760 4036 834 4097 Aen.
858 4037 919 4096 VH
943 4040 1050 4097 750ss.

346 4278 372 4346 1)
392 4275 504 4346 Syllaba
531 4277 621 4331 altera
640 4285 768 4347 correpta
796 4277 885 4333 utitur
903 4285 1000 4348 pocta3
1028 4278 1186 4334 similitsra
1205 4269 1286 4350 Styra
1315 4275 1416 4349 oppido

272 4385 369 4424 noman
387 4366 467 4457 {tiri
496 4370 530 4423 ab
550 4361 664 4441 Odrysis
692 4369 843 4440 Odrussa,
871 4372 1009 4440 Vergilius
1035 4372 1070 4427 ab
1098 4373 1310 4441 Aequiculorum
1337 4377 1418 4441 gente

272 4476 369 4522 nomen
383 4460 511 4528 Aquiculi
528 4459 614 4516 finxit.
