3190 4956
737 277 778 337 47

185 449 392 512 diversissimis
414 447 568 510 Issedones
591 447 727 509 videntur
749 468 820 525 esse,
843 458 872 510 et
894 447 1043 510 adfinem
1063 447 1214 510 Colchidis
1236 459 1265 512 et
1286 471 1332 511 su-

183 581 237 640 pra
269 559 433 619 Iaxartem.
477 559 636 636 Langenus
670 567 700 618 et
733 557 770 618 de
800 559 887 620 Vitus
917 578 970 639 per
1001 577 1126 620 errorem
1161 559 1263 620 dicunt
1294 560 1333 620 ad

184 667 364 728 Maeotidem
384 666 540 728 Issedones
567 687 644 728 esse:
677 687 715 728 ex
736 668 812 727 Plin.
835 669 882 731 IV
906 671 945 728 88
969 678 1092 750 apparet
1114 689 1164 728 eos
1186 673 1218 730 in
1239 669 1331 731 medi-

184 780 326 837 terraneis
356 776 527 854 regionibus
550 797 639 857 supra
662 776 812 836 Sarmatas
833 777 975 851 incolere,
1009 780 1027 837 i
1051 797 1075 838 e.
1108 797 1142 838 eo
1173 777 1239 838 loco
1274 799 1331 859 quo

184 885 355 946 Herodotus
378 903 427 945 eos
449 889 547 965 ponit3
582 887 628 947 VI
652 889 692 946 20
715 884 800 946 docet
821 906 871 947 eos
893 885 932 944 ad
955 884 1116 948 Ceraunios
1137 896 1250 949 montes
1280 875 1331 948 ha-

183 995 277 1056 biture
308 997 385 1056 inter
407 993 532 1056 Colchos
554 1004 584 1056 et
605 996 767 1057 Armenios.
812 996 892 1056 Mela
914 996 947 1054 II
973 999 999 1071 1,
1027 999 1042 1056 1
1068 996 1220 1059 Herodoto
1244 999 1331 1056 ulmis

186 1107 217 1164 in
239 1104 330 1165 breve
353 1112 454 1164 coacto
478 1124 579 1165 verum
601 1108 690 1165 situm
711 1108 843 1184 gentium
870 1104 1054 1180 obscuravit3
1091 1104 1161 1166 inde
1190 1108 1333 1167 evincitur

186 1211 266 1272 Mela
288 1233 348 1272 non
369 1211 508 1273 utendum
531 1231 593 1272 esse
614 1221 689 1274 teste
711 1212 750 1272 ad
771 1211 949 1272 Maeotidem
971 1210 1125 1272 Issedones
1157 1212 1265 1291 fuisse;
1295 1233 1333 1274 ex

184 1319 335 1380 Herodoto
369 1329 466 1382 autem
497 1329 619 1401 apparet
640 1319 794 1381 Issedones
827 1342 845 1380 a
873 1329 957 1399 parte
985 1319 1205 1400 septentrionali
1238 1323 1327 1380 maris

187 1428 289 1510 Caspii
310 1450 399 1510 supra
421 1431 578 1492 Jaxartem
599 1432 732 1492 incolere.
778 1431 968 1511 Explicemus
998 1433 1101 1490 miram
1116 1449 1189 1491 rem
1220 1439 1250 1492 et
1282 1431 1331 1490 hic

159 1543 216 1598 ‘et
244 1541 328 1598 iuxta
351 1537 521 1600 Colchidem
542 1539 696 1600 Issedones
725 1539 822 1599 luisse.
866 1539 910 1597 Hi
942 1559 1056 1619 quoque
1085 1537 1241 1600 Issedones
1271 1543 1332 1618 pri-

186 1666 266 1705 mum
289 1645 369 1726 apud
390 1646 572 1706 Herodotum
595 1648 740 1726 leguntur,
762 1648 778 1706 I
802 1649 862 1706 201
888 1641 973 1715 ἔθνος
997 1692 1004 1706 .
1024 1692 1051 1707 ..
1078 1643 1257 1729 οἰκημένον.
1276 1695 1282 1707 .
1301 1692 1331 1708 ..

188 1751 280 1838 πέρην
302 1761 354 1814 τοῦ
378 1750 512 1838 Ἀράξεω
536 1763 680 1839 ποταμοῦ,
705 1753 802 1818 ἀντίον
836 1751 869 1816 δὲ
888 1749 1074 1837 Ἰσσηδόνων
1104 1753 1238 1838 ἀνδρῶν;
1276 1752 1334 1818 εἰσὶ

189 1855 222 1920 δὲ
245 1854 348 1929 οἵτινες
371 1856 422 1922 καὶ
444 1857 595 1924 Σκυθικὸν
613 1859 733 1942 λέγουσι
763 1867 849 1922 τοῦτο
871 1856 903 1920 τὸ
931 1856 1018 1929 ἔθνος
1041 1854 1125 1922 εἶναι.
1170 1862 1267 1940 Igitur
1288 1863 1338 1921 Is.

188 1965 310 2028 sedones
333 1966 371 2026 ad
394 1967 525 2028 Araxem
547 1967 689 2041 incolunt,
711 1970 728 2026 i.
752 1986 775 2026 e.
799 1969 831 2026 in
857 1965 982 2032 confinio
1005 1966 1170 2027 Αντθοηίοο.
1192 1975 1194 1982 ’
1216 1965 1335 2047 Optime

189 2095 255 2135 cnm
276 2075 323 2134 his
346 2080 481 2155 congruit
502 2077 580 2139 Plin.
605 2077 650 2137 Vl
674 2079 715 2136 20
746 2096 887 2152 supraque
910 2079 1062 2136 Essedones
1086 2077 1191 2136 Colchis
1218 2083 1334 2152 lunatos,

188 2197 218 2248 et
239 2187 377 2248 Valerius
399 2185 525 2244 Flaccus
548 2185 602 2252 VI,
617 2187 687 2260 750,
723 2187 773 2266 qui
795 2183 949 2245 Issedones
981 2187 1157 2244 coniunctos.
1180 2204 1246 2244 cum
1278 2185 1334 2242 Hi·

186 2297 267 2356 beris
289 2295 381 2355 effert.
427 2291 511 2366 Quae
534 2296 632 2353 omnia
655 2293 848 2368 collabuntur,
872 2295 1007 2373 quamvis
1029 2295 1138 2372 optime
1167 2313 1199 2353 se
1223 2293 1332 2354 hebere

191 2403 354 2465 videantur.
399 2402 514 2462 Plinius
537 2409 566 2462 et
582 2401 694 2462 Valerii
716 2409 817 2461 auctor
839 2400 963 2461 eundem
985 2421 1110 2462 errorem
1128 2405 1334 2462 commisertmt

192 2535 279 2594 quem
301 2513 459 2592 Langenus
481 2510 576 2572 denuo
599 2514 745 2571 commisit
766 2511 881 2571 dicens:
915 2518 975 2571 erut
995 2531 1062 2586 pure
1077 2517 1229 2570 Auueuuue
1247 2519 1336 2586 prope

190 2628 314 2682 drauum
336 2626 466 2680 habiturus
487 2630 551 2680 teste
573 2624 678 2680 Herod.
702 2624 807 2680 1201.
852 2619 893 2677 Et
914 2618 1072 2696 Langenus
1095 2627 1124 2678 et
1148 2620 1198 2698 qui
1220 2627 1336 2699 praeter

190 2751 257 2792 eum
293 2728 417 2791 eundem
453 2716 578 2788 errorem
614 2731 820 2788 commiserunt
836 2735 837 2738 ’
852 2727 948 2786 locum
980 2727 1063 2786 illum
1097 2727 1243 2788 Herodoti
1276 2748 1337 2787 non

190 2848 284 2900 totum
312 2837 460 2917 legerumt3
491 2837 600 2915 legitur
630 2837 672 2896 ibi
703 2836 744 2906 ὡς
774 2831 807 2896 δὲ
829 2835 872 2919 τῷ
894 2829 986 2918 Κύρῳ
1009 2829 1058 2896 καὶ
1082 2833 1167 2895 τοῦτο
1191 2831 1224 2896 τὸ
1248 2831 1336 2906 ἔθνος

186 2946 380 3033 κατέργαστο,
413 2935 588 3029 ἐπεθύμησε
611 2942 813 3026 Μασσαγέτας
849 2941 895 3006 ὑπ’
923 2942 1031 3005 ἑαυτοῦ
1061 2941 1258 3026 ποιήσασθαι.
1297 2939 1331 3005 τὸ

195 3053 229 3118 δὲ
252 3053 339 3126 ἔθνος
361 3058 448 3117 τοῦτο
475 3050 524 3115 καὶ
558 3051 634 3137 μέγα
666 3051 784 3135 λέγεται
816 3047 891 3115 εἶναι
921 3048 974 3113 καὶ
1007 3047 1143 3135 ἄλκιμον,
1177 3049 1336 3136 οἰκημένον

152 3171 156 3177 ’
191 3161 225 3226 δὲ
248 3161 319 3248 πρὸς
342 3153 389 3247 dci
413 3185 445 3224 τε
469 3159 518 3224 καὶ
541 3159 628 3246 ἡλίου
652 3158 812 3240 ἀνατολάς,
844 3159 937 3244 πέρην
959 3163 1012 3222 τοῦ
1038 3155 1164 3245 Ἀράξεω
1189 3163 1334 3245 ποταμοῦ,

193 3271 290 3338 ἀντίον
323 3269 356 3334 δὲ
379 3269 556 3356 Ἰσσηδόνων
590 3269 717 3354 ἀνθρῶν.
762 3273 832 3332 Non
853 3270 1081 3331 recordabantur
1106 3271 1153 3328 illi
1175 3273 1232 3330 viri
1255 3270 1335 3332 docti

192 3384 271 3466 apud
292 3382 475 3444 Herodotum
496 3382 628 3443 Araxem
659 3379 782 3441 eundem
811 3379 934 3440 fluvium
967 3397 1029 3440 esse
1051 3388 1139 3459 atque
1161 3379 1240 3460 apud
1263 3380 1337 3439 alios

193 3497 348 3576 scriptores
362 3493 386 3552 J
386 3501 526 3553 axartem.
571 3493 662 3552 Error
683 3491 814 3551 firmatur
837 3489 914 3570 quod
929 3489 1097 3550 Herodotus
1112 3489 1190 3549 hunc
1207 3489 1337 3549 Araxem

195 3603 363 3664 describens
392 3601 464 3661 dicit
497 3621 562 3662 eum
594 3603 626 3660 in
655 3619 735 3660 mare
757 3599 896 3680 Caspium
917 3599 1044 3659 influere.
1089 3596 1270 3658 Monendum
1292 3606 1337 3658 est

194 3713 251 3772 hoc
273 3712 336 3772 loco
358 3719 472 3782 veteres
493 3710 591 3769 locum
612 3708 695 3769 illum
718 3728 803 3789 quem
825 3728 879 3768 nos
907 3727 1045 3767 vocamus
1067 3705 1142 3766 Aral
1170 3726 1231 3766 non
1263 3706 1338 3766 bene

194 3823 329 3897 novisse3
360 3801 459 3900 itaque
482 3817 581 3879 Oxum
613 3826 642 3878 et
664 3817 819 3878 Jaxartsm
847 3819 880 3875 in
911 3835 990 3876 mare
1013 3815 1152 3896 Caspium
1181 3814 1337 3875 influentes
1440 3885 1441 3888 γ

191 3931 346 3991 faciebant.
392 3929 482 3988 Error
503 3929 595 4004 igitur
615 3925 755 3986 facillime
777 3925 815 3984 ab
837 3943 871 3985 eo
894 3924 1129 3984 committebatur
1152 3925 1202 4004 qui
1225 3923 1338 3982 Massa·

193 4047 326 4117 getarum
359 4055 465 4096 nomen
497 4033 637 4112 neglexit.
682 4033 917 4094 Consentaneum
947 4038 992 4092 est
1020 4031 1075 4091 hos
1105 4031 1144 4090 ad
1166 4028 1337 4092 Colchidem

192 4151 262 4208 sitos
292 4144 444 4207 Issedones
472 4142 616 4204 tollendos
642 4162 712 4203 esse.
758 4143 807 4202 Ex
840 4144 933 4223 ipsius
954 4141 1046 4200 Plinii
1075 4140 1151 4202 libro
1174 4140 1338 4220 colligimus

194 4257 223 4314 ei
244 4273 329 4316 veros
351 4251 505 4313 Issedones
528 4260 613 4311 notos
635 4250 737 4326 fuisse,
770 4251 812 4310 VI
837 4253 877 4310 50
907 4256 984 4310 ultra
1009 4260 1075 4311 euut
1096 4245 1260 4327 Scytharum
1284 4270 1336 4325 po·

190 4369 254 4440 puli
277 4407 410 4425 .....
434 4367 599 4423 eueoeurtut
634 4382 728 4422 eorum
756 4364 844 4422 Sacae
865 4365 1041 4434 Mauayuoe
1063 4364 1163 4419 Dahae
1186 4363 1339 4422 Essedones

193 4453 383 4562 ᾈθαοοοῖονο.
429 4471 503 4534 Ἠοσ
524 4491 622 4534 errore
641 4491 702 4534 non
724 4473 869 4540 evincitur
890 4469 1016 4534 Valerii>
1024 4477 1173 4536 auctorem
1192 4471 1269 4536 inter
1291 4463 1342 4540 eos
