3190 4956
769 229 808 286 28

217 395 329 481 partem
353 401 488 460 Valerius
518 401 597 462 dicat
615 396 701 462 facile
724 401 824 462 vides:
859 405 1011 482 coniungit
1033 424 1083 464 eos
1113 426 1178 464 cum
1200 406 1362 465 Heniochis

218 512 269 590 qui
291 508 328 568 ad
352 509 513 570 Caucasum
537 511 676 585 incolunt,
700 510 802 571 eodem
825 510 912 570 modo
936 533 970 570 ac
986 513 1103 572 'Pabula
1128 514 1363 593 Peutingeriana.

218 618 345 680 Omnino
368 620 439 679 ordo
469 624 618 680 nominum
640 643 698 680 non
721 629 780 680 tarn
808 621 1034 681 contenmendue
1057 631 1101 682 est
1123 645 1210 703 qnam
1229 625 1361 682 nonnulli

219 727 357 788 dixerunt
383 729 463 789 velut
495 730 596 790 Peters
617 752 644 810 p.
660 734 717 790 73:
752 730 907 802 „Valerius
932 740 1036 805 autem,
1069 741 1135 792 utut
1164 733 1219 792 sibi
1244 734 1362 814 placuit,

217 841 336 898 nomina
351 839 523 919 populorum
539 816 673 917 catalogo
695 860 747 899 suo
762 842 885 900 inseruit
902 840 984 899 nulla
1004 845 1119 901 ratione
1134 842 1236 901 habita
1253 843 1362 902 ordinis

217 950 381 1025 regionum,
403 951 434 1006 in
457 948 562 1027 quibas
584 947 783 1008 incolebant“.
829 947 909 1009 Ordo
932 967 1019 1028 saepe
1042 951 1224 1029 neglegitur,
1247 955 1362 1031 saepius

217 1055 291 1116 bene
313 1065 445 1117 servatus
468 1066 518 1116 est.

303 1171 416 1225 Alazon.
462 1166 576 1225 Alazon
605 1167 711 1226 fluvius
740 1185 777 1226 ex
800 1165 923 1226 Caucasi
954 1165 1135 1226 meridionali
1167 1177 1251 1248 parte
1281 1177 1361 1228 ortus

217 1275 313 1334 influit
343 1277 374 1334 in
397 1275 508 1355 Cyrum
532 1275 678 1336 Albaniae
700 1275 836 1350 fluvium,
867 1276 960 1336 Strab.
983 1279 1096 1356 p.500.
1122 1281 1192 1336 502.
1216 1279 1293 1337 Plin.
1316 1279 1362 1337 VI

220 1384 268 1441 29.
313 1382 433 1442 PtolV
457 1385 536 1456 leet.
582 1381 691 1441 Adhuc
713 1386 835 1463 antiquo
865 1385 982 1442 nomine
1004 1384 1258 1442 vocaturAlesan.
1305 1385 1364 1442 llic

216 1487 323 1546 fluvius
346 1490 410 1547 sine
431 1487 520 1546 dubio
550 1491 609 1546 iam
631 1488 752 1567 Pompei
775 1487 961 1567 expeditione
984 1491 1118 1566 cognitus
1141 1497 1191 1549 est..
1240 1489 1363 1548 Videtur

217 1603 247 1653 et
269 1595 349 1670 genti
378 1615 481 1654 nomen
505 1593 638 1668 dedisse,
671 1604 798 1674 excerpt.
822 1595 887 1653 Lat.
911 1595 999 1653 Barb.
1023 1617 1050 1674 p.
1066 1591 1158 1654 204¹ss
1179 1595 1287 1654 Frick:
1319 1600 1362 1655 Hi

217 1713 313 1761 contra
336 1710 466 1763 orientem
487 1707 688 1775 habitaverant,
712 1705 797 1761 Elem
819 1708 892 1760 ande
916 1707 1045 1770 Elimaei
1060 1714 1093 1761 'ct
1115 1709 1192 1762 Aser·
1214 1709 1288 1762 aede
1310 1710 1362 1763 As·
1469 1779 1471 1784 Δ

216 1817 293 1888 syrii,
323 1823 348 1870 et
370 1815 515 1885 Arfornd,
545 1817 620 1871 ende
644 1814 788 1885 Chaldaei,
812 1824 837 1871 et
860 1815 927 1871 Lau
955 1817 1029 1872 ande
1051 1811 1190 1873 Alazonii.
1231 1813 1284 1871 -Ab
1307 1813 1363 1872 bac

217 1930 305 1999 gente
328 1920 511 1980 discernendi
538 1931 607 1980 sunt
629 1921 764 1980 Alazonii
788 1921 926 2001 Scythica
947 1941 1019 2000 gens
1049 1921 1087 1979 ad
1112 1922 1224 2002 Tyrum
1254 1931 1284 1981 et
1305 1923 1362 1981 Bo-

219 2031 385 2111 rysthenem
417 2033 488 2104 sita,
521 2029 615 2089 Streb.
648 2049 676 2108 p.
692 2032 761 2089 550.
793 2028 900 2088 Herod.
924 2030 969 2089 IV
995 2033 1042 2090 17.
1060 2032 1108 2088 οἳ.
1140 2030 1225 2088 Paus.
1249 2031 1265 2088 I
1291 2033 1362 2104 321.

218 2139 317 2220 steph.
341 2141 373 2198 B.
394 2133 546 2207 Ἀλαζών.

304 2253 417 2307 Albana
455 2258 540 2321 porta
555 2243 584 2325 ¹).
643 2246 705 2324 (ΙΙΙ
743 2249 805 2306 495
821 2247 869 2324 ss).
927 2247 1036 2305 Albani
1080 2247 1115 2304 ad
1149 2267 1212 2306 eam
1251 2256 1362 2327 partem

217 2356 340 2415 Caucasi
387 2355 519 2414 incolunt
565 2375 640 2434 quae
688 2355 724 2413 ad
770 2357 908 2414 orientem
947 2359 1057 2433 vergit,
1103 2376 1197 2435 neque
1234 2378 1362 2436 unquam

216 2465 300 2525 sedes
343 2473 535 2524 mutaverunt.
603 2464 755 2540 Quatenus
799 2465 871 2524 fines
917 2485 1015 2524 eorum
1056 2469 1273 2544 porrigerentur
1302 2486 1361 2524 non

216 2596 274 2634 nno
297 2584 428 2654 tempore
448 2581 625 2652 compertum
649 2583 700 2633 est.
755 2574 887 2652 Pompeii
920 2583 949 2633 et
972 2575 1093 2632 Antonii
1126 2573 1362 2652 expeditionibus

217 2707 234 2744 a
265 2684 386 2744 meridie
422 2683 508 2742 factis
543 2705 610 2763 pars
642 2682 791 2743 meridiem
826 2703 927 2742 versus
960 2685 1017 2741 sita
1053 2682 1167 2742 detecta
1200 2693 1243 2742 est
1271 2705 1361 2764 usque

217 2791 253 2852 ad
291 2813 432 2852 summum
465 2792 588 2852 Caucasi
626 2794 734 2850 montis
768 2794 875 2867 iugum.
934 2791 1041 2870 Neque
1077 2791 1233 2869 Pompeius
1267 2811 1361 2872 neque

217 2902 340 2960 Antonii
378 2901 468 2978 legati
502 2899 666 2959 Caucasum
699 2907 917 2976 superaverunt.
978 2899 1083 2977 ltaque
1116 2901 1158 2957 eis
1195 2893 1362 2978 descriptio-

216 3009 302 3068 nibus
332 3029 407 3088 quae
437 3009 473 3066 ab
505 3008 619 3066 illorum
652 3006 738 3066 rebus
766 3009 857 3084 gestis
887 3005 1030 3087 pendent,
1061 3005 1200 3066 docemur
1229 3008 1363 3068 Albanos

218 3119 349 3178 Caucaso
372 3127 457 3177 tenus
480 3119 598 3196 porrigi.
657 3115 762 3175 Strabo
785 3137 813 3195 p.
832 3117 886 3173 50]
917 3109 1050 3197 Ἀλβανοί
1075 3162 1168 3175 .....
1193 3113 1306 3178 οἰκοῦσι
1331 3111 1363 3177 δὲ

220 3223 327 3310 μεταξὺ
350 3231 408 3286 τῶν
425 3217 550 3310 Ἰβήρων
574 3221 691 3306 καὶτῆς
708 3218 846 3292 Κασπίας
864 3219 1022 3306 θαλάττης,
1045 3220 1117 3306 πρὸς
1138 3222 1180 3285 ἕω
1198 3221 1250 3306 μὲν
1271 3223 1364 3286 ἁπτό-

220 3357 301 3420 μενοι
326 3339 379 3417 τῆς
396 3332 555 3417 θαλάττης,
578 3331 650 3417 πρὸς
674 3331 755 3394 δύσιν
780 3329 813 3394 δὲ
829 3333 1004 3415 ὁμοροῦντες
1027 3333 1086 3402 τοῖς
1106 3321 1224 3416 Ἴβηρσι
1248 3339 1305 3396 τῶν
1330 3330 1363 3395 δὲ

218 3446 329 3507 λοιπῶν
353 3445 488 3527 πλευρῶν
511 3439 544 3504 τὸ
569 3439 619 3524 μὲν
647 3443 760 3527 βόρειον
785 3443 956 3526 φρουρεῖται
979 3441 1041 3514 τοῖς
1065 3437 1248 3512 Καυκασίοις
1271 3441 1361 3526 ὄρεσι.

216 3555 293 3614 Plut.
326 3554 397 3613 Ant.
435 3557 473 3612 34
508 3548 557 3611 καὶ
590 3547 645 3634 γὰρ
678 3549 800 3621 Σόσσιος
835 3548 985 3613 Ἀντωνίου
1017 3547 1180 3632 στρατηγὸς
1211 3551 1241 3613 ἐν
1272 3550 1364 3637 Συρίᾳ

217 3657 313 3726 πολλὰ
337 3657 541 3744 διεπράττετο,
564 3655 615 3720 καὶ
638 3655 779 3729 Κανίδιος
803 3655 998 3738 ἀπολειφθεὶς
1023 3654 1066 3720 ὑπ’
1096 3659 1186 3721 αὐτοῦ
1210 3658 1276 3744 περὶ
1299 3658 1363 3746 Ἀρ-

219 3768 319 3854 μενίαν
349 3767 474 3838 τούτους
500 3789 531 3829 τε
554 3777 641 3829 νικῶν
664 3764 714 3828 ναὶ
746 3763 813 3836 τοὺς
836 3759 962 3850 Ἰβήρων
986 3763 1034 3827 καὶ
1051 3762 1198 3850 Ἀλβανῶν
1224 3769 1363 3851 βασιλέας

219 3876 289 3964 ἄχρι
305 3881 356 3940 τοῦ
374 3873 535 3940 Καυκάσου
551 3875 711 3960 προῆλθεν.
750 3876 855 3934 Florus
871 3877 887 3935 I
903 3879 944 3935 40
968 3881 1133 3950 „Porrmeias
1156 3924 1161 3935 .
1177 3925 1181 3935 .
1196 3923 1221 3936 ..
1241 3887 1363 3953 pepercit

219 3996 350 4062 Adonim
381 4010 470 4064 repom
493 3994 591 4070 λοιαια
617 3990 727 4045 Oroden
745 3992 843 4058 positia
865 3990 916 4043 aab
938 3991 997 4057 ipso
1020 3987 1142 4043 Caucaso
1164 3992 1260 4045 cestria
1282 3993 1363 4048 fassit

218 4107 250 4160 ia
267 4105 357 4174 pleno
387 4103 568 4158 descenderet
615 4096 692 4153 Tum
725 4093 839 4152 demum
860 4093 1072 4171 imperantibus
1095 4095 1274 4173 principibus
1297 4117 1363 4174 cog-

219 4213 313 4270 nitum
335 4219 379 4268 cst
402 4209 508 4268 clivum
532 4205 677 4266 borealem
700 4223 816 4284 qnoque
836 4201 959 4262 Caucasi
983 4203 1020 4262 ab
1043 4202 1168 4262 Albanis
1190 4209 1290 4279 teneri,
1313 4227 1363 4264 an-

220 4321 388 4398 gustiasque
417 4316 558 4396 quasdam
587 4319 620 4374 in
642 4314 697 4372 hoc
719 4319 833 4384 monte,
863 4331 938 4389 quae
968 4320 1053 4372 antea
1075 4314 1242 4390 incognitae
1273 4323 1362 4390 erant,

224 4427 504 4436 .—.—-.—‘.—

291 4455 318 4528 1)
337 4453 372 4510 cf.
392 4453 537 4528 Forbigeri
555 4453 614 4512 Vol.
634 4451 660 4505 ll
680 4467 705 4524 p.
716 4449 758 4524 55τ
