3190 4956
793 285 826 339 ll

561 457 579 514 i.
603 457 721 514 nomina
743 454 842 514 Tusca
864 460 894 513 et
917 452 1062 531 Liguriae.

237 569 330 626 Asilae
354 570 455 626 Auuua
478 567 588 640 Cupauo
610 570 763 625 Mcecuic'ue
788 567 880 624 Ocuua
905 566 1018 624 Oaiua'ua
1042 566 1147 622 Tarnim
1171 565 1337 624 Tolumnius.

640 673 669 732 k.
692 675 811 733 nomina
833 672 978 733 Semitiea.

239 789 327 844 Auua
350 787 426 844 Dido
450 787 547 844 Elieea
568 787 672 844 Jurbaa
696 787 861 860 Pyymalieu
883 784 1027 859 Syenem.

559 888 577 948 l.
601 891 719 948 nomina
741 889 872 948 Romana
894 895 923 948 et
946 888 1057 948 Italica.

238 1003 343 1060 Anicia
373 1003 477 1058 Arcena
508 1003 637 1058 Auectius
670 1000 781 1058 Camere
813 1001 928 1058 Daueua
962 1001 1093 1058 Metiscus
1121 999 1271 1058 Numauua
1300 1001 1382 1070 Rape

238 1112 370 1169 Brutulus
393 1111 531 1166 Rieumuu
553 1109 690 1167 Sacrator.

597 1235 633 1274 m.
657 1219 775 1274 nomina
799 1236 816 1274 a
838 1213 901 1276 (leia
923 1213 1017 1276 dueta.

242 1329 325 1384 Belua
348 1327 460 1401 Cybelae
483 1327 615 1386 Laureae
641 1329 736 1384 Oeiria.

324 1454 350 1492 n.
375 1436 492 1492 nomina
514 1454 531 1492 a
554 1432 635 1508 lucia,
659 1431 783 1514 oppidis,
806 1431 914 1507 fluviis,
945 1429 1083 1510 gentibue
1105 1429 1201 1506 ducta,
1224 1451 1294 1511 quo-

367 1563 430 1602 rum
452 1545 545 1602 maior
566 1565 634 1625 para
657 1561 760 1602 nomen
783 1541 1010 1621 geographicum
1032 1543 1178 1618 integrum
1201 1547 1257 1602 aaa·

238 1657 354 1711 Achaica
375 1651 482 1711 fluvius
505 1652 624 1712 Siciliae

237 1763 343 1820 Acestae
365 1767 571 1821 momentanei
594 1761 631 1821 ab
655 1760 764 1842 oppido
788 1759 905 1821 Siciliae
928 1759 1044 1820 Acesta.

241 1873 321 1928 Almo
343 1871 423 1927 rivus
446 1872 477 1928 in
501 1890 571 1948 agro
594 1871 734 1930 Romana.

239 1983 387 2038 Amusicus
409 1979 447 2038 ab
470 1979 639 2040 Amastrida
661 1979 732 2040 urbe
755 1978 982 2060 Paphlagoniae.

238 2091 341 2148 Anaua
364 2087 503 2168 oppidum
526 2089 612 2150 Latii.

238 2201 387 2270 Aphidnas
410 2197 447 2257 ab
471 2197 579 2279 oppido
602 2197 720 2258 Atticae
743 2196 890 2278 Aphidna.

238 2309 390 2380 Aquiculus
414 2305 451 2365 ab
474 2306 646 2388 Aequiculis
670 2315 756 2384 gente
779 2306 890 2366 Italica.

238 2417 352 2490 Aabylce
374 2412 411 2473 ab
434 2413 557 2495 Asbytie
580 2424 666 2494 gente
690 2415 879 2496 Cyrenaicae.

239 2525 376 2582 Aacauiue
398 2525 456 2582 iam
479 2533 546 2584 ante
568 2525 732 2604 Vergilium
753 2525 852 2585 fictum
875 2543 913 2584 ex
935 2527 1050 2584 nemine
1071 2523 1268 2604 geographico
1293 2521 1384 2582 Asea-

369 2633 426 2706 nia‚
450 2633 575 2714 quadiu
598 2633 715 2695 Troade
739 2633 787 2694 vel
810 2633 944 2714 Phrygia
967 2637 1083 2712 saepius
1105 2634 1254 2714 reperitur.

239 2743 324 2818 Astyr
346 2740 383 2798 ab
407 2740 516 2801 Astura
540 2743 647 2824 oppida
671 2744 758 2804 Latii.

241 2853 344 2909 Atinae
366 2850 404 2908 ab
426 2849 519 2910 Atina
541 2851 650 2934 oppido
674 2853 759 2914 Latii.
868 2909 871 2914 .

239 2962 329 3018 Barce
352 2959 493 3040 oppidum
517 2960 704 3041 Cyrenaicae.

242 3069 341 3128 Caicus
362 3067 469 3128 fluvius
492 3069 589 3131 Asiae.

240 3177 336 3237 Caieta
358 3175 500 3258 oppidum
522 3177 708 3260 Campaniae.

242 3287 339 3362 Calybe
361 3307 379 3344 a
401 3295 488 3364 gente
511 3285 685 3369 Chalybum.

240 3396 329 3471 capys
352 3415 369 3453 a
392 3394 495 3476 Capua
517 3397 588 3458 urbe
611 3397 797 3478 Campaniae.

244 3507 339 3564 Glauca
362 3525 380 3563 a
403 3503 537 3566 Chaonia
559 3515 642 3587 parte
664 3509 758 3589 Epiri.

242 3619 341 3675 Olarue
363 3613 504 3697 oppidum
526 3616 625 3678 nobile
648 3617 763 3679 Joniae.

242 3722 401 3799 Corynaeua
423 3721 460 3782 ab
483 3721 591 3805 oppido
615 3724 723 3786 Jouiae
746 3723 872 3806 Coryna.

239 3835 363 3891 Dauuue
385 3851 403 3890 a
425 3831 543 3892 Daunia
566 3837 684 3912 regiona
707 3835 820 3896 Italiae.

240 3945 365 4000 mancae
388 3961 405 3998 a
428 3941 555 4002 Drancis
577 3942 625 4002 vel
648 3944 776 4022 Drangis
798 3953 885 4022 gente
909 3943 1006 4006 Asiae.

241 4051 352 4124 Dryope
376 4068 394 4106 a
416 4056 502 4126 gente
525 4050 687 4131 Dryopum.

242 4158 366 4216 Eulaliae
389 4156 426 4216 ab
450 4158 557 4238 oppido
581 4160 699 4221 Siciliae
722 4160 849 4220 Entella.

237 4267 374 4328 'Galaesus
396 4267 504 4328 fluvius
527 4287 618 4348 prope
640 4267 807 4328 Tarentum.

241 4381 379 4437 Haiaceua
401 4377 507 4436 fluvius
530 4376 637 4436 Jeniae
661 4385 711 4436 erit
733 4376 770 4436 ab
793 4377 923 4436 Halaesa
946 4373 1055 4456 oppido
1078 4373 1202 4436 Siciliae.

241 4489 330 4565 Halys
354 4485 460 4546 flumen
484 4483 580 4546 Asiae.
