3190 4956
784 211 826 275 '85

232 389 341 448 dentnr
377 393 412 446 ab
443 392 577 449 condente
604 390 769 450 Cherroneso
800 393 880 465 Nea,
915 397 952 451 ob
984 403 1049 464 orta
1071 395 1177 470 Sophia
1208 395 1376 457 Sotarohis.

234 493 314 552 Mela
336 493 369 552 Π
395 497 447 566 l,c
473 499 593 570 Obliqao
614 507 681 556 tnnc
703 502 740 555 ad
762 503 936 571 Bosphorum
953 504 1040 575 plupa
1063 521 1207 562 cananeas
1231 508 1320 562 Ponto
1349 525 1381 564 oc

235 608 376 662 Maeotide
397 608 556 662 includitur,
578 610 611 663 in
628 609 767 678 palndnm
794 613 932 680 cerpentia
953 609 1104 666 Satordeae
1132 618 1239 682 tonent,
1269 616 1301 668 in
1323 613 1380 670 Bo·

237 716 367 786 spheram
383 713 531 770 Cimmerio
553 715 658 786 oppida
680 719 732 771 etc.
777 716 827 784 §4
849 719 924 773 rabit
945 725 1005 774 tum
1026 723 1119 790 ripam
1141 737 1225 788 mare,
1249 729 1274 777 et
1296 722 1380 778 donee

237 825 360 894 pnimqne
383 824 490 878 railinm
510 841 644 892 paronam
664 826 754 894 spatio
776 826 888 882 absita
910 827 1059 896 Maeotide,
1090 829 1261 900 refnpientia
1293 849 1380 903 nepae

236 933 401 1001 subsequere
422 933 520 1002 litora,
551 950 635 1003 queam
658 931 809 989 Satarchae
832 941 856 989 et
878 935 994 994 Tamici
1015 943 1122 1006 tenent,
1148 956 1236 1008 paene
1258 943 1379 997 insciam

233 1040 333 1096 reddit,
383 1034 459 1094 Ptol.
483 1034 532 1092 Ill
557 1037 624 1107 6,5
660 1032 759 1103 πόλεις
795 1031 879 1095 deici
920 1035 1076 1118 perd-(ator
1113 1036 1144 1099 ἐν
1178 1046 1215 1122 τῇ
1249 1035 1382 1124 Ταυρικῇ

235 1140 422 1227 Χεμσονήκμ
447 1138 515 1204 αἵδε
536 1191 542 1203 .
562 1191 567 1204 .
586 1190 617 1206 ..
643 1140 784 1228 Σατάρχη
810 1141 843 1213 Εά
868 1135 902 1206 δ”
929 1145 978 1228 μί’
1001 1136 1037 1228 pn
1061 1144 1131 1227 (61⁰
1155 1139 1379 1228 15'10ng.47⁰

236 1243 284 1316 20'
298 1255 362 1332 lat.)
384 1254 482 1333 steph.
498 1255 569 1332 Byr.
587 1247 717 1336 Τάφμαι,
740 1249 789 1315 καὶ
808 1251 916 1338 Τάφμη
940 1254 1054 1334 ἑνικῶς,
1070 1259 1158 1341 χῶμα
1174 1257 1379 1342 ταφρεοῦεἷοοι

234 1360 299 1447 περὶ
315 1361 367 1446 τὴν
387 1360 521 1425 Μαιῶτιν
538 1360 653 1445 λίμνην,
678 1359 733 1424 ὑπὸ
759 1363 873 1425 δούλοιν
897 1363 959 1434 ταῖς
984 1363 1150 1438 δεσποίναις
1172 1366 1375 1450 συμμιγέντων

235 1521 398 1538 ......
424 1470 532 1556 ταύτην
555 1470 608 1555 τὴν
629 1472 732 1557 χώραν
755 1478 931 1557 κατοικῆσαι
951 1473 1164 1559 Σατορχαίοος.
1200 1477 1228 1538 οἱ
1260 1477 1375 1540 οἰκοῦν-

235 1604 284 1652 τες
315 1579 505 1665 Σατορχαῖοι.
553 1581 754 1641 Infelicissime
784 1585 875 1659 igitur
896 1584 1054 1662 Langenus
1085 1588 1213 1645 omnium
1247 1587 1379 1646 locorum

236 1714 326 1752 unum
360 1692 444 1768 eligit
479 1693 527 1770 qui
563 1709 624 1749 rem
653 1711 743 1769 prave
772 1691 947 1772 descriptam
971 1697 1106 1753 eontinet.
1152 1695 1289 1755 Valerius
1311 1718 1380 1756 nar·

234 1824 303 1862 rans
325 1801 481 1862 Satarchae
513 1800 644 1860 mulctris
675 1799 761 1858 ditari
792 1800 960 1862 facultatem
992 1803 1076 1862 nobis
1110 1803 1182 1862 facit
1212 1805 1377 1864 coniciendi

237 1911 353 1993 quanda
384 1910 597 1990 chorographia
630 1913 691 1970 eius
714 1913 875 1988 conscripta
898 1913 942 1970 sit.
987 1912 1090 1990 Usque
1123 1911 1161 1970 ad
1191 1914 1379 1974 Mithradatis

235 2029 359 2081 aetatem
383 2020 477 2078 Tauri
499 2019 561 2078 fera
583 2027 613 2078 et
634 2019 796 2078 latrociniis
830 2018 930 2079 dedita
960 2040 1033 2097 gens
1063 2030 1163 2094 erant,
1195 2023 1230 2081 cf.
1263 2023 1380 2082 titulum

235 2147 322 2206 supra
353 2126 480 2184 allatum.
526 2124 720 2184 Mithradates
743 2125 857 2185 Tauros
888 2125 1014 2186 divictos
1043 2130 1138 2205 coegit
1168 2130 1259 2187 vitam
1289 2129 1379 2210 placi-

236 2235 303 2294 dam
326 2255 434 2312 gerere,
463 2235 497 2294 cf.
522 2235 660 2294 Reinaeh.
685 2256 712 2314 p.
738 2238 797 2295 59:
831 2235 900 2294 Ihre
922 2235 1022 2295 Macht
1045 2257 1105 2295 war
1124 2240 1171 2296 ein
1194 2237 1241 2296 fiir
1263 2237 1379 2297 allemal

236 2341 419 2420 gebrechen;
443 2361 501 2398 von
524 2361 584 2399 nun
607 2340 643 2398 ab
666 2339 755 2400 hb'ren
780 2343 834 2399 wir
856 2323 952 2400 nichts
974 2341 1056 2401 mehr
1078 2363 1137 2400 von
1160 2342 1243 2401 ihren
1265 2342 1380 2402 Raube-

235 2455 315 2510 reien
339 2472 390 2509 zur
412 2450 467 2510 See
491 2449 548 2508 und
572 2472 607 2508 zu
630 2449 740 2509 Lande.
786 2451 859 2509 Post
880 2435 962 2509 illam
989 2461 1114 2511 aetatem
1144 2451 1215 2511 illae
1246 2455 1379 2530 regiones

235 2557 356 2620 Graecis
378 2557 541 2618 subsidium
564 2561 606 2618 rei
628 2559 834 2619 frumentariae
863 2579 926 2620 esse
957 2564 1060 2620 iterum
1092 2569 1265 2641 coeperunt,
1300 2561 1378 2642 quod

234 2671 294 2726 iam
315 2666 546 2734 Atheniensibus
578 2666 700 2726 fuerant.
746 2667 783 2725 In
806 2667 1033 2726 Mithradaticis·
1052 2671 1143 2746 igitur
1172 2669 1327 2728 latrocinia
1350 2679 1379 2730 et

235 2775 384 2851 asperitas,
413 2793 470 2831 non
494 2773 673 2850 agricultura
695 2781 746 2831 aut
768 2792 813 2832 res
835 2775 972 2854 pecuaria
994 2773 1156 2833 Taurorum
1179 2775 1378 2836 narrabantur.
1440 2825 1442 2828 .

235 2881 319 2940 Bona
340 2881 457 2940 fortuna
480 2882 595 2940 titulum
618 2881 703 2940 nobis
725 2885 851 2940 servavit
874 2903 931 2962 quo
955 2881 1091 2942 docemur
1115 2883 1230 2964 quando
1254 2888 1378 2963 primum

232 2991 407 3050 frumentum
431 2989 621 3050 Chersonnesi
646 2992 791 3052 Tauricae
813 2969 934 3052 Romam
958 3002 1145 3074 apportatum
1167 2996 1216 3069 sit,
1238 2997 1256 3053 i.
1272 3013 1295 3054 a.
1319 2995 1377 3054 Ro·

235 3102 328 3158 manis
359 3103 525 3158 innotuerit.
571 3099 638 3158 CIL
661 3100 739 3159 XIV
764 3104 846 3161 3608
875 3101 912 3161 de
935 3103 981 3160 Ti.
1005 3102 1121 3162 Plautio
1145 3102 1264 3163 Silvano
1296 3103 1378 3162 Moe·

235 3211 296 3268 siae
327 3216 513 3288 propraetore
544 3209 687 3286 legimus:
723 3257 729 3269 .
753 3257 758 3269 .
783 3257 788 3269 .
820 3215 983 3286 Scytharum
1007 3233 1112 3286 qnoque
1134 3233 1197 3288 repe
1219 3237 1238 3272 a
1261 3216 1375 3272 Olterro-

234 3321 322 3387 mensi,
346 3337 417 3390 qnae
440 3326 477 3374 est
498 3322 575 3375 altra
597 3321 780 3390 Bornstenen,
810 3323 950 3391 opsidione
971 3330 1112 3379 snmmoto.
1143 3326 1255 3394 primm
1277 3342 1309 3380 ea
1343 3344 1375 3381 ca

230 3429 376 3498 prouincia
398 3446 498 3500 mapno
526 3431 612 3484 tritici
641 3431 719 3484 modo
749 3448 891 3485 armenam
915 3431 1039 3501 p(epndi)
1062 3431 1207 3500 R(omam')
1237 3434 1377 3490 adherant.

233 3533 368 3592 Plautius
385 3553 459 3592 anno
477 3537 515 3592 56
533 3533 675 3593 Moesiam
698 3533 915 3595 administrasse
934 3534 1059 3608 videtur,
1082 3536 1116 3594 ef.
1133 3537 1270 3596 Reinach.
1286 3558 1313 3616 p.
1328 3541 1379 3606 49,

233 3642 438 3722 Satarcharum
461 3647 663 3703 commercium
685 3643 764 3704 haud
795 3645 989 3725 spernendum
1024 3645 1139 3705 videtur
1169 3646 1266 3728 fuisse,
1299 3649 1378 3709 Mela

233 3751 267 3810 Π
284 3755 309 3824 1,
319 3778 346 3817 ιο
370 3755 412 3810 eis
434 3751 509 3812 hano
531 3751 648 3812 laudem
671 3752 736 3813 dat:
759 3757 908 3814 Satarchae
931 3761 997 3813 anri
1014 3761 1175 3829 arpentiqne
1189 3762 1377 3817 mammaram

234 3864 352 3932 partiam
366 3864 471 3935 'ipnari
492 3867 546 3920 noc
568 3882 662 3920 reram
684 3868 843 3920 commercia
865 3873 995 3920 exercent.
1042 3860 1127 3921 Circa
1144 3861 1272 3922 medium
1287 3866 1378 3941 igitur

233 3970 359 4047 primum
381 3989 410 4047 p.
435 3967 465 4027 Ο.
490 3969 636 4028 saeculum
653 3969 818 4029 'Satarchae
841 3972 1037 4030 Romanorum
1061 3975 1173 4030 animos
1195 3973 1225 4029 in
1248 3990 1278 4030 se
1310 3993 1376 4030 con-

233 4076 401 4152 vertebant3
436 4084 503 4135 ante
526 4076 634 4136 Melam
663 4097 700 4136 ne
728 4097 833 4136 nomen
869 4077 985 4158 quidem
1009 4077 1215 4138 Satarcharum
1245 4079 1375 4156 legimus.

233 4183 307 4247 Inde
338 4191 461 4264 apparet
482 4183 593 4244 Valerii
630 4184 873 4265 chorographiam
903 4185 994 4246 multo
1028 4195 1094 4266 post
1117 4179 1286 4246 Sallustium
1311 4207 1376 4245 con-

232 4295 370 4373 scriptam
388 4312 462 4354 esee.

235 4451 237 4459 .
321 4405 410 4466 Sestos
426 4439 465 4448 -
483 4408 594 4482 Abydos
616 4403 644 4482 (I
668 4403 750 4483 285).
796 4404 878 4464 Inter
900 4403 1014 4466 Sestum
1047 4412 1076 4464 et
1099 4402 1239 4484 Abydum
1269 4403 1378 4485 oppida
