3190 4956
748 231 786 289 89

193 425 255 465 rem
278 403 508 486 chorographiae
529 403 609 466 illius
633 402 764 464 Sallustii
787 407 875 464 situm
896 404 985 465 Ponti
1008 413 1037 465 et
1060 404 1211 485 Agrippae
1235 403 1335 464 choro-

180 493 347 593 ·'graphiam
369 513 486 569 novisse
508 517 732 570 consentancum
755 518 812 585 est3
835 509 904 570 inde
927 511 1110 592 explicantur
1132 485 1336 572 similitudines

181 633 269 702 'quae
291 622 367 678 inter
390 618 560 678 Sallustium
583 617 747 699 Agrippam
769 618 900 678 Plinium
922 619 1030 679 Melam
1052 627 1081 679 et
1096 619 1245 679 Valerium
1261 621 1336 678 eius-

197 749 252 812 que
275 735 423 788 auctorem
445 727 635 790 intercedunt.
681 727 765 804 Quae
786 735 883 788 tamen
905 727 1064 787 similitudo
1087 731 1207 788 nonita
1230 747 1337 805 magna

195 844 247 899 est.
293 835 405 896 Valerii
429 843 529 894 auctor
551 836 629 895 Mela
652 839 793 915 posterior
816 845 859 896 est
880 856 975 916 neque
996 840 1073 896 inter
1088 835 1180 894 Plinii
1203 843 1337 894 auctores

192 946 266 1007 fuit:
303 945 415 1007 nullum
445 963 542 1004 eorum
572 949 706 1006 invenies
736 948 782 1003 cui
811 946 888 1004 hanc
911 944 1153 1025 chorographiam
1176 943 1333 1002 adscribas.

196 1054 324 1118 Omnino
358 1057 403 1114 sui
440 1057 511 1114 iuris
545 1063 588 1114 est
619 1054 731 1114 Valerii
761 1063 862 1114 auctor
898 1062 926 1114 et
958 1053 1042 1114 bonis
1073 1062 1101 1113 et
1131 1056 1338 1114 recentissimis

196 1164 386 1244 scriptoribus
417 1184 504 1224 usus:
535 1167 561 1223 is
592 1165 669 1224 solus
702 1164 794 1223 multa
815 1164 900 1223 nobis
923 1167 1052 1224 servavit
1075 1183 1147 1244 quae
1171 1163 1240 1222 alibi
1264 1161 1338 1222 desi-

197 1273 339 1334 deramus.
389 1273 662 1353 Locupletissimam
694 1272 782 1333 fuisse
813 1273 924 1333 Valerii
960 1272 1202 1352 chorographiam
1239 1270 1338 1329 multis

197 1385 269 1444 locis
297 1385 477 1463 perspicitur,
512 1402 605 1463 neque
627 1381 741 1442 Plinius
770 1401 864 1463 neque
886 1382 966 1442 Mela
989 1401 1052 1442 eam
1075 1389 1209 1461 aequant.
1255 1379 1339 1438 Haec

199 1491 429 1572 chorographia‚
464 1495 511 1560 cui
542 1495 666 1552 auctoris
693 1511 798 1552 nomen
820 1491 941 1552 reddere
963 1512 1021 1550 non
1043 1493 1143 1570 potui,
1177 1491 1340 1569 conscripta

198 1610 242 1663 est
263 1609 331 1682 post
353 1622 461 1660 annum
484 1604 523 1661 49
548 1624 574 1682 p.
599 1601 665 1662 Ohr.
688 1623 716 1662 n.
762 1601 828 1677 Qua
850 1601 887 1660 de
909 1620 940 1662 re
968 1604 1151 1680 potissimum
1181 1619 1215 1658 ea
1247 1596 1342 1657 confe-

199 1710 290 1772 renda
313 1717 387 1784 sunt,
411 1729 486 1792 quae
508 1709 657 1790 disputavi
679 1732 699 1770 s.
723 1731 749 1769 v.
773 1732 799 1769 v.
823 1710 920 1769 Alani.
963 1708 1080 1769 Albana
1102 1717 1192 1788 parta.
1234 1706 1342 1786 Caspia

200 1821 332 1882 claustra.
366 1821 468 1900 Byoes.
508 1818 680 1880 Coelaletae.
719 1821 881 1878 Danuvius.
920 1818 1021 1879 Gerus.
1057 1817 1195 1897 Jazyges.
1234 1816 1340 1873 Latris.

202 1931 359 1992 Sarmatae.
396 1929 562 1989 Satarchae.
601 1929 819 1990 Miillenhoffius
842 1948 965 2009 quoque,
988 1931 1038 2007 qui
1061 1927 1231 1987 Sallustium
1247 1933 1343 1983 aucto-

201 2060 262 2100 rem
284 2058 346 2100 esse
368 2039 439 2112 vult,
463 2060 522 2098 non
544 2047 640 2119 potest
662 2060 720 2098 non
743 2036 900 2100 concedere
931 2037 992 2116 (III
1014 2058 1041 2118 p.
1069 2037 1122 2113 62)
1152 2037 1341 2094 recentiorem

202 2148 347 2233 quendam
371 2155 518 2208 auctorem
539 2149 678 2210 nonnulla
693 2148 812 2208 Valerio
830 2145 1044 2228 suppeditasse3
1067 2148 1165 2223 igitur,
1189 2163 1226 2217 ne
1245 2144 1343 2222 opinio

204 2282 256 2320 sua
286 2259 417 2332 labatur,
451 2267 567 2319 coactus
598 2265 642 2319 est
670 2266 796 2319 statuere
819 2257 970 2318 Valerium
1000 2253 1160 2336 complures
1190 2255 1346 2334 scriptores

203 2367 384 2450 compilasse.

292 2477 512 2557 Ohorographia
544 2479 596 2536 illa
619 2477 769 2538 Graecane
804 2498 842 2536 an
864 2478 971 2536 Latina
997 2476 1098 2552 lingua
1128 2477 1236 2552 scripta
1257 2472 1347 2531 fuerit

205 2589 313 2648 frustra
342 2588 471 2668 quaesivi
502 2606 567 2645 cum
588 2588 739 2666 utriusque
761 2588 803 2644 rei
825 2586 1022 2644 testimonium
1044 2581 1174 2641 habeam.
1221 2581 1349 2639 Exoma-

205 2706 300 2758 tarum
331 2698 456 2755 nominis
487 2695 581 2754 forma
607 2695 713 2754 Latina
741 2702 785 2754 est
815 2693 861 2772 (cf.
884 2714 911 2772 p.
937 2692 1006 2770 42),
1040 2688 1154 2750 Graeca
1184 2689 1277 2748 forma
1306 2697 1349 2749 est

204 2798 386 2887 Ἰαξαμάται.
431 2803 535 2864 Altera
557 2825 596 2864 ex
617 2812 699 2884 parte
721 2803 856 2863 Valerius
877 2822 979 2862 vocem
1005 2805 1154 2874 Ambenus,
1178 2803 1233 2858 nisi
1257 2798 1349 2858 Grae-

205 2937 271 2977 cum
288 2909 431 2997 ’Άμβενος
454 2917 481 2973 ei
503 2913 541 2973 ob
564 2913 664 2974 oculos
685 2913 795 2987 luisset,
818 2912 897 2971 nullo
921 2910 1007 2970 modo
1031 2908 1143 2988 dactyli
1166 2911 1198 2966 in
1221 2911 1347 2986 speciem

207 3027 403 3099 adhibuisset3
427 3025 476 3102 qui
499 3041 600 3081 vocem
623 3020 776 3080 Ambenus
795 3019 900 3078 Latine
922 3021 1060 3098 scriptam
1081 3014 1157 3075 vidit
1179 3017 1230 3074 vix
1251 3018 1347 3096 potuit

210 3137 281 3218 quin
303 3154 416 3214 semper
439 3131 561 3192 alteram
584 3130 728 3210 syllabam
750 3128 931 3210 produceret.

296 3244 409 3306 Valerii
432 3241 645 3320 chorographia
666 3243 770 3298 mirum
793 3241 825 3297 in
846 3236 965 3296 modum
987 3234 1107 3296 eandem
1130 3235 1275 3294 fortunam
1306 3242 1352 3293 at-

210 3375 267 3439 que
288 3357 352 3434 ipse
374 3373 459 3433 passa
482 3351 536 3410 sub
558 3351 646 3410 finem
676 3350 858 3428 antiquitatis
891 3349 973 3427 quasi
1005 3348 1137 3419 emersit;
1174 3343 1252 3423 apud
1283 3363 1351 3422 geo-

209 3463 336 3544 graphos
359 3461 480 3520 Latinos
504 3461 553 3540 qui
576 3457 711 3517 dicuntur
737 3458 863 3514 minores
892 3463 921 3514 et
950 3455 1105 3533 praecipue
1138 3451 1217 3531 apud
1238 3452 1353 3511 Raven-

209 3581 306 3633 natem
337 3571 429 3630 multa
455 3570 592 3646 leguntur
620 3587 696 3647 quae
725 3566 762 3624 ab
791 3566 842 3624 illa
872 3562 1084 3642 chorographia
1115 3563 1207 3641 petita
1230 3579 1292 3620 esse
1310 3564 1353 3619 vi-

211 3683 333 3758 dentur3
366 3684 397 3739 in
419 3682 521 3760 primis
544 3677 668 3758 oppida,
701 3676 807 3756 quibus
828 3676 985 3734 Ravennae
1007 3669 1162 3742 abundat,
1195 3669 1354 3748 spectanda

211 3800 285 3852 sunt.
332 3789 425 3870 Oupio
455 3797 542 3868 atque
575 3807 658 3867 spero
686 3786 749 3844 fore
782 3793 814 3844 ut
844 3784 895 3842 alii
918 3783 1082 3862 quaestioni
1104 3780 1256 3856 contingat
1277 3779 1354 3839 hanc

213 3902 422 3980 amplissimam
444 3897 684 3977 chorographiam
714 3915 750 3954 ex
773 3894 832 3952 illis
861 3890 1052 3972 scriptoribus
1084 3907 1182 3949 eruere
1213 3896 1242 3947 et
1272 3908 1355 3949 accu-

212 4014 305 4070 ratius
328 4009 455 4068 definire.

300 4119 379 4178 Tota
409 4116 618 4176 dissertatione
635 4114 765 4196 perfecta
786 4112 858 4172 mihi
880 4115 913 4170 in
934 4129 1036 4169 manus
1057 4106 1163 4167 incidit
1196 4105 1355 4186 disputatio

215 4251 304 4311 quam
326 4231 443 4309 scripsit
464 4227 498 4286 R.
522 4224 685 4300 Harmand,
708 4224 847 4284 Valerius
869 4221 996 4281 Flaccus
1018 4227 1047 4279 et
1068 4219 1111 4278 les
1132 4217 1268 4277 barbares
1292 4216 1360 4295 (Re-

211 4359 268 4400 vue
290 4339 327 4399 de
348 4338 507 4420 philologio
528 4337 654 4398 Janvier
678 4333 782 4413 1899).
828 4331 924 4392 Justis
947 4328 1083 4389 laudibus
1106 4329 1253 4408 poeticum
1274 4329 1356 4404 inge-

197 4455 279 4515 nium
301 4449 413 4510 Valerii
437 4447 560 4523 extollit,
592 4445 758 4526 arridetque
780 4443 850 4504 mihi
875 4439 1004 4502 studium
1027 4442 1088 4498 eius
1116 4457 1185 4514 erga
1210 4444 1344 4517 poetam3

1079 4547 1098 4609 7
