3190 4956
775 225 815 290 39

219 402 323 474 placor
347 443 393 460 ...
416 401 493 461 altra
511 405 558 462 hos
575 403 716 464 Cimmerii
731 415 756 462 ct
770 426 836 480 pecs
851 401 1026 466 Amazonam
1032 403 1162 484 porrecta
1184 405 1224 470 ad
1234 403 1371 486 'Oenopiam

224 532 309 585 more,
334 519 363 571 et
383 512 470 570 Mart.
493 491 632 591 CapsVI
655 513 715 572 665
740 517 905 586 Arimphaei
1015 520 1091 576 altra
1112 523 1160 576 hos
1182 519 1323 579 Οαααονιι·
1342 525 1371 578 'ct

224 624 378 678 Amorem
399 624 438 679 ad
463 619 595 692 Caspium
615 639 701 679 marc.
894 613 896 618 ’
1048 633 1051 636 “

311 727 361 786 Ex
382 727 429 786 his
452 723 693 804 descriptionibus
715 725 911 804 colligendum
941 736 986 787 est
1009 727 1180 790 Cimmerios
1202 753 1291 812 supra
1311 747 1371 794 me*

225 833 307 894 dium
330 833 493 902 Caucasum
525 831 572 891 vel
594 832 682 912 paulo
704 831 775 892 inde
805 832 1007 896 adorientem
1029 847 1184 916 vergentes
1207 840 1368 902 incoluisse.

222 947 291 1006 Non
312 941 528 1024 neglegendum
559 949 603 1001 est
634 939 714 1020 opud
735 941 844 1001 Melam
875 951 905 1002 et
926 942 1055 1003 Plinium
1078 945 1249 1007 Cimmerios
1277 947 1370 1009 Cissi

224 1072 314 1134 osque
336 1072 396 1112 una
411 1051 553 1113 describi:
576 1048 645 1108 inde
661 1051 819 1108 certissime
841 1059 963 1130 apparet
985 1053 1074 1111 etiam
1095 1057 1127 1114 in
1140 1055 1253 1115 Valerii
1272 1056 1368 1115 exem-

221 1163 298 1244 plari
314 1160 487 1222 Cimmerios
502 1157 659 1236 Oissosque
682 1155 784 1216 eodem
799 1156 886 1216 modo
910 1161 1079 1220 coniunctos
1095 1159 1256 1244 descriptos
1269 1135 1366 1222 fuisse.

221 1272 319 1332 Melas
341 1271 432 1330 Plinii
454 1267 567 1330 Valerii
590 1273 722 1326 auctores
751 1265 848 1346 aliquo
880 1267 966 1326 modo
995 1270 1071 1328 inter
1094 1289 1125 1330 se
1147 1271 1301 1331 cohaerere
1328 1290 1365 1330 ex

223 1379 334 1438 talibus
356 1376 443 1438 rebus
458 1374 611 1436 manifeste
633 1381 769 1454 apparet3
791 1393 886 1453 neque
908 1377 1003 1434 minus
1018 1376 1170 1437 manifeste
1192 1397 1229 1438 ex
1253 1378 1309 1438 hac
1331 1377 1368 1445 de
1396 1417 1397 1420 η

224 1488 344 1548 Valerio
378 1488 547 1567 quaestione
579 1491 701 1563 apparet
732 1482 809 1542 hunc
842 1503 1023 1544 communem
1054 1495 1219 1562 auctorem
1251 1490 1275 1546 si
1289 1545 1292 1549 ,
1305 1506 1366 1548 rem

221 1599 387 1658 universam
409 1602 537 1674 spectas,
560 1593 689 1670 Augusti
710 1592 952 1673 chorographiam
973 1614 1031 1653 non
1053 1593 1158 1670 fuisse,
1190 1616 1366 1677 quamquam

220 1725 279 1765 non
311 1724 386 1782 nego
417 1703 508 1763 multa
539 1721 576 1762 ex
602 1701 654 1760 illa
687 1700 900 1782 chorographia
929 1705 961 1762 in
983 1703 1131 1766 Melaeet
1152 1705 1244 1766 Plinii
1274 1705 1364 1770 libros

219 1818 371 1875 transisse.

311 1926 390 2002 (ipris
413 1923 470 2002 (VI
493 1922 556 2001 80).
603 1920 688 2002 (lyris
710 1919 783 2001 Scyt
771 1921 835 1982 thes
857 1941 962 1982 nomen
986 1927 1099 2004 accepit
1121 1945 1138 1982 a
1160 1929 1278 2008 nomine
1298 1947 1366 2008 pro-

220 2037 285 2113 prio
308 2030 422 2092 Graeco
447 2025 494 2092 Κῦ
497 2052 557 2114 ρις,
587 2033 661 2104 nisi,
694 2028 772 2110 quod
795 2028 950 2090 admodum
972 2033 1152 2094 verisimile
1180 2040 1238 2108 est,
1269 2032 1364 2113 Cyrus

219 2141 327 2202 fluvius
359 2140 506 2201 Albaniae
542 2142 713 2200 notissimus
746 2139 852 2200 subest.
906 2140 982 2200 Solis
1015 2141 1093 2202 filius
1129 2140 1216 2222 (lyris
1247 2163 1364 2222 prorsus

218 2253 344 2328 ignotus,
367 2259 397 2311 et
419 2253 480 2311 sino
502 2249 591 2310 dubio
614 2271 632 2307 a
647 2249 766 2310 Valerio
788 2249 872 2309 fictus
895 2259 946 2310 est.
992 2249 1118 2310 Causam
1141 2273 1191 2312 cur
1212 2250 1244 2311 id
1263 2252 1365 2312 fecerit

218 2363 278 2419 iam
299 2362 486 2420 Burmannus
508 2367 586 2420 recte
608 2362 754 2437 cognovit.
801 2358 940 2439 Antiquis
962 2368 1063 2420 notum
1084 2361 1141 2420 fuit
1162 2375 1269 2426 nomen
1292 2360 1363 2441 Cyri

220 2469 298 2542 regis
321 2467 478 2526 Persarum
499 2465 601 2542 lingna
625 2465 742 2524 Persica
762 2462 842 2528 idem
870 2464 969 2524 valere
999 2486 1033 2525 ac
1056 2465 1161 2526 Solem.
1207 2465 1284 2526 Plut.
1298 2465 1372 2534 ,Ar-¹

220 2580 280 2640 tax.
304 2592 328 2632 c.
356 2577 390 2632 1:
425 2570 440 2632 ύ
473 2566 525 2654 μὲν
560 2566 609 2633 οὖν
643 2565 742 2654 Κῦρος
774 2566 836 2644 ὑπὸ,
860 2565 963 2654 Κύρου
997 2573 1049 2633 τοῦ
1077 2573 1206 2636 παλαιοῦ
1235 2569 1365 2656 τούνομα

219 2676 317 2764 ἔσχεν,
341 2677 446 2764 ἐκείνῳ
471 2675 503 2740 δὲ
527 2675 585 2742 ἀπὸ
608 2685 659 2742 τού
678 2671 789 2740 Ἡλίου
813 2677 954 2760 γενέσθαι
977 2679 1059 2764 φασί.
1107 2677 1208 2766 Κύρον
1233 2678 1288 2765 γὰρ
1306 2705 1362 2754 κατ

217 2789 280 2850 leto
303 2785 420 2872 Πέρσας
443 2783 491 2850 τὸν
515 2788 608 2871 ἥλι.ον
654 2789 703 2848 Er.
720 2785 760 2852 M.
787 2790 858 2863 530
885 2792 921 2848 13
947 2783 994 2850 Κύ
997 2811 1061 2872 ρος·
1101 2789 1279 2878 ὁβαοιλεύς
1300 2795 1372 2859 τῶν(

217 2893 352 2982 Περσῶν,
376 2897 391 2959 d
415 2897 558 2968 παλαιός·
595 2894 743 2980 ἡλίουγοί
711 2894 895 2983 ραρέχειτ
879 2893 960 2959 τύ”
945 2920 1050 2980 ονομα.
1088 2905 1198 2982 κοῦρον
1221 2895 1277 2988 γὰρ
1305 2914 1369 2967 ναΞῚ

219 3007 280 3070 λεῖν
311 3006 455 3070 εἰώθασιν
493 3003 587 3070 oilli
589 3029 706 3091 ρσαιτ
690 3003 739 3076 τὸν
768 3007 860 3090 ἥλιον.
906 3007 1035 3088 Hesych.
1065 3005 1114 3072 Kc
1116 3029 1181 3093 ρο·ς
1215 3005 1273 3072 ἀπὸ
1305 3016 1357 3071 του

207 3113 277 3202 Ιὑπὸ
298 3113 384 3187 κυνὸς
407 3112 728 3201 respectarem&
752 3123 816 3178 τοῦ
825 3113 921 3199 ἡλίου,
936 3113 995 3183 τὸν
1017 3113 1074 3201 γὰρ
1097 3117 1180 3200 ἥλιον
1204 3117 1232 3180 ol
1247 3115 1308 3202 [ll
1312 3141 1361 3180 σαι

216 3231 306 3311 κῦρον
339 3224 485 3308 λέγουσιν.
532 3166 667 3287 Valerids
700 3225 778 3287 unde
810 3226 842 3286 id
871 3229 1025 3307 sumpserit
1047 3226 1180 3290 difficile
1190 3227 1238 3290 ad
1251 3227 1369 3290 discen·⁴

216 3337 344 3398 nondum
366 3345 417 3398 est.
483 3347 485 3351 ·

305 3449 414 3526 (lyram
436 3446 495 3525 (VI
518 3446 601 3526 297).
649 3445 765 3526 Cyrnus
788 3444 913 3509 Colchus
942 3469 960 3508 a
986 3415 1077 3507 florio
1100 3447 1199 3528 Cyrno
1223 3395 1358 3510 Colchidi

214 3559 378 3638 propinquo
400 3559 567 3621 nominatus
590 3563 639 3616 est.
620 3555 741 3618 tlllc
763 3556 900 3616 fluvius
891 3577 923 3615 1n
944 3557 1031 3617 rebus
1062 3578 1080 3616 α
1102 3557 1242 3638 Pompeio
1264 3560 1374 3637 gestis·

215 3670 332 3746 saepius
363 3673 602 3727 commemoratur
656 3667 715 3725 Dio
740 3669 789 3741 36,
815 3669 853 3726 53
885 3661 935 3727 καὶ
958 3661 1046 3736 αύτύς
1070 3668 1250 3748 (Pompeius)
1273 3663 1358 3728 ἔντε

215 3771 359 3856 τῄχώρα
381 3767 422 3854 ιμ’
443 3767 578 3848 Ἀναίτιδι
600 3767 650 3832 καί
672 3767 744 3853 πρὸς
773 3771 816 3856 τῷ
845 3778 970 3857 ποταμῷ
992 3767 1101 3856 Κύρνῳ
1135 3769 1224 3857 τριχῄ
1255 3771 1358 3855 νείμας

214 3876 265 3943 τὸν
299 3877 421 3965 στρατὸν
453 3877 666 3964 παρεχείμασε.
715 3882 754 3940 54
775 3875 919 3962 Ὀροίτης
948 3876 1003 3962 γὰρ
1026 3877 1174 3964 Ἀλβανῶν
1201 3885 1260 3944 τῶν
1284 3879 1357 3965 ύπὲρ

216 3989 268 4053 τού
292 3985 410 4074 Κύρνου
434 3986 593 4051 οἰκούντων
618 3987 765 4074 βασιλεύς.
805 3993 854 4066 37,
881 3976 1035 4074 ΙἼβηρες
1060 4038 1197 4054 .....
1221 3989 1360 4074 νέμονται

216 4091 291 4161 δ’ἐπ’
315 4097 471 4183 ἀμφότερα
493 4105 545 4160 τοῦ
568 4088 697 4182 Κύρνου,
721 4105 757 4182 τῇ
791 4095 842 4181 μὲν
873 4099 935 4168 τοῖς
956 4093 1129 4185 Ἀλβανοῖς,
1161 4095 1207 4183 τῇ
1233 4097 1265 4161 δὲ
1292 4100 1358 4172 τοῖς

213 4185 382 4292 Ἀρμενίοις
417 4207 566 4292 πρόσορον.
615 4212 632 4268 3
663 4203 713 4268 καὶ
747 4205 796 4270 τόν
827 4229 860 4268 τε
882 4197 1007 4292 Κύρνον,
1043 4207 1062 4291 ἦ
1092 4198 1269 4292 πορεύσιμος
1302 4206 1358 4271 ὑπὸ

214 4325 267 4379 τοῦ
301 4315 408 4400 θέρους
442 4315 583 4398 ἐγεγόνει,
617 4319 695 4400 πεζῇ
718 4314 812 4447 διέβη.
815 4317 985 4488 ΑΑρρὶοιι.
998 4319 1107 4388 ,Μὶιλιπ
1134 4321 1193 4386 103Ι
1219 4313 1358 4402 Ὀροίζης

215 4428 241 4489 δ’
265 4426 280 4488 ὁ
304 4429 363 4490 τῶν
387 4422 541 4512 Ἀλβανῶν
567 4426 703 4511 βασιλευς
732 4423 841 4488 καὶἌ
846 4427 961 4512 ρτιύιιης
994 4427 1009 4489 ὁ
1034 4425 1159 4512 Ἰβήρων
1193 4423 1276 4490 irred-
1300 4453 1375 4514 pou·
