3190 4956
838 270 879 328 44

258 447 348 506 sentit
369 445 505 506 Valerius
527 463 698 506 enumerans
720 443 888 505 Henioohos
910 463 969 505 una
994 466 1059 507 aum
1079 445 1185 507 Alanis
1208 448 1258 526 qni
1274 444 1405 506 Caucaso

256 561 355 614 monte
382 553 519 614 disiuncti
541 553 657 614 finitimi
688 573 786 614 eorum
818 575 836 612 e
867 558 1060 634 septentrione
1093 563 1166 617 sunt.
1210 556 1319 615 Forma
1351 576 1402 614 no·

259 664 345 721 minis
367 660 482 722 Graeca
503 669 564 737 θείς
598 659 746 721 dueuntur
766 662 915 722 Henioohi
940 663 977 724 ab
1000 667 1109 742 aurigis
1131 663 1262 724 Castoris
1283 672 1314 724 et
1334 661 1403 723 Pol·

258 769 347 847 lucis3
386 788 456 830 vera
491 768 585 828 forma
625 767 744 829 videtur
777 764 913 856 Είναίχιοι
949 769 1048 847 anae,
1085 771 1115 832 J.
1137 772 1171 832 P.
1195 772 1229 832 Ε.
1265 771 1401 834 Pantica-

261 899 366 962 paeum
389 882 438 940 ³8.

347 994 485 1050 Harborbe
507 985 549 1072 (V
573 985 656 1071 357).
700 989 791 1050 Reate
808 989 966 1068 Langenus
987 989 1043 1050 hoo
1065 1008 1170 1050 nomen
1192 990 1299 1050 servile
1321 988 1403 1052 duait

259 1121 277 1160 a
305 1107 393 1178 gente
414 1098 640 1174 Heniochorum,
676 1119 851 1180 quamquem
883 1099 942 1159 alia
972 1103 1092 1160 notione
1120 1103 1208 1160 etiam
1230 1099 1302 1159 alibi
1329 1100 1402 1178 legi-

259 1217 321 1284 tur,
354 1207 477 1270 Hesiod.
511 1216 582 1269 eant.
607 1211 656 1270 83.
700 1209 779 1270 Plnt.
802 1209 890 1270 Thes.
915 1212 965 1285 25,
1009 1209 1156 1270 Helleniei
1179 1209 1214 1269 fr.
1241 1212 1288 1269 10.
1332 1207 1402 1272 011.

259 1319 308 1379 IX
331 1321 426 1381 2402.

345 1429 442 1485 Hiber.
487 1424 579 1484 Miror
600 1423 756 1484 Thilonem
780 1431 810 1484 et
823 1423 996 1502 Langenum
1018 1421 1099 1503 quod
1122 1430 1239 1483 censent
1253 1423 1401 1484 Hiberum

258 1535 287 1596 V
312 1537 372 1595 166
407 1553 471 1595 esse
492 1534 626 1610 fluvium,
657 1554 832 1615 quamquam
861 1535 921 1592 iam
943 1531 1110 1610 Wagnerus
1140 1540 1218 1592 reete
1240 1531 1316 1592 vidit
1337 1553 1401 1594 essa

258 1653 381 1724 gentem.
426 1644 555 1706 Hiberos
576 1645 716 1704 finitimos
731 1643 936 1704 Armeniorum
959 1661 1022 1703 esse
1042 1641 1142 1702 multis
1163 1642 1236 1701 loeis
1257 1643 1319 1702 sole
1342 1644 1401 1702 ela-

259 1755 321 1812 rius
353 1759 491 1832 apparet,
527 1751 600 1811 Tae.
634 1771 699 1812 ann.
722 1750 768 1810 VI
802 1753 852 1812 39.
898 1749 974 1809 Plin.
999 1751 1045 1810 VI
1078 1752 1126 1810 27,
1155 1752 1226 1811 216.
1271 1752 1347 1812 Ptol.
1370 1753 1400 1813 V

260 1865 308 1936 11,
323 1885 346 1927 ι.
382 1863 429 1934 12,
446 1886 468 1927 s.
520 1859 616 1921 Cassii
645 1861 734 1922 Dion.
759 1861 808 1934 37,
827 1887 849 1926 1.
908 1859 999 1920 Amm.
1021 1857 1148 1920 XXVII
1174 1863 1275 1937 121⁷.
1338 1861 1397 1922 Sol.

258 1973 309 2033 93.
355 1967 491 2031 Ooueedo
513 1970 573 2030 illis
594 1970 683 2030 finem
704 1969 826 2029 fluvium
848 1988 928 2045 esee,
959 1968 1011 2030 sed
1033 1969 1197 2049 appellatur
1218 1970 1266 2030 hie
1287 1972 1394 2032 fluvius

257 2078 361 2160 cyrus,
392 2100 451 2140 non
477 2080 580 2142 Hiber.
602 2081 680 2142 Ptol.
705 2080 734 2140 V
759 2082 838 2155 12st
863 2125 868 2138 .
894 2125 899 2137 .
924 2076 965 2148 είς
987 2074 1037 2140 τὸν
1061 2073 1159 2163 Κῦρον
1190 2076 1399 2165 ἐμβάλλοντες,

259 2182 290 2255 ὃς
313 2182 382 2247 καθ’
405 2183 478 2268 ὅλην
500 2185 554 2269 τήν
576 2205 608 2248 τε
624 2177 756 2270 Ἰβηρίαν
778 2179 829 2245 καί
851 2179 904 2265 τὴν
924 2180 1083 2267 Ἀλβανίαν
1108 2182 1161 2268 ῥεῖ,
1186 2183 1324 2270 διορίζων
1343 2183 1397 2269 τὴν

261 2291 419 2380 Ἀρμενίαν
443 2293 493 2358 ἀπ’
517 2291 622 2357 αὐτῶν.
676 2289 861 2372 Quamquam
883 2294 955 2351 satis
976 2295 1048 2352 mire
1080 2291 1117 2354 de
1147 2294 1255 2375 populo
1286 2294 1398 2356 dietum

257 2415 301 2469 est
323 2425 437 2468 omnem
459 2405 603 2466 Hiberum
625 2403 786 2476 horruisse,
820 2409 918 2460 tamen
940 2421 1058 2462 neeesse
1095 2409 1154 2478 est,
1187 2412 1221 2464 ut
1248 2405 1300 2464 illo
1333 2405 1397 2465 loeo

257 2525 373 2599 gentem
404 2513 561 2595 significari
592 2511 788 2590 intelligamus
821 2510 986 2590 flumenque
1016 2511 1111 2572 Hiber
1143 2516 1259 2572 omnino
1287 2514 1399 2574 nullum

257 2633 309 2686 est.
355 2623 475 2684 Praeter
497 2619 574 2681 huno
596 2625 628 2680 ut
650 2617 734 2678 vides
756 2625 834 2677 reete
857 2615 1035 2696 descriptum
1065 2620 1154 2677 situm
1176 2619 1313 2679 Valerius
1341 2624 1399 2680 tria

259 2733 295 2796 de
322 2731 442 2794 Hiberis
473 2731 626 2812 eloquitur.
670 2727 802 2787 Primum
836 2727 878 2808 (V
903 2722 978 2809 601)
1004 2725 1118 2786 Hibera
1149 2727 1274 2788 elaustro
1306 2733 1399 2790 novit.

257 2845 334 2906 Ph'n.
358 2843 403 2904 VI
427 2845 468 2902 40
498 2837 536 2899 de
557 2838 603 2897 his
630 2838 724 2915 portis
753 2835 826 2894 haee
853 2834 980 2915 profert:
1013 2839 1192 2912 araqaabas
1222 2849 1260 2898 eri
1289 2845 1322 2898 aa
1352 2844 1402 2899 hoe

257 2961 313 3018 loeo
335 2973 411 3016 error
432 2955 580 3012 maltam
602 2950 686 3006 etiam
708 2951 757 3020 aaa·
777 2951 810 3004 a'a
831 2948 968 3005 Armereia
990 2967 1033 3006 res
1060 2952 1184 3020 proaime
1213 2969 1274 3007 eam
1297 2949 1399 3008 Gorba-

258 3069 318 3129 bma
339 3079 451 3138 aeaeae.
496 3059 626 3129 Namque
646 3057 676 3113 bi
700 3056 815 3128 anptas
844 3055 1010 3128 appellatore
1035 3064 1134 3130 pomae
1156 3058 1299 3130 Hiberiae,
1332 3078 1402 3131 qaas

259 3173 412 3230 Caucasiae
445 3167 567 3224 baama
595 3167 686 3221 aoeara'
730 3167 852 3237 uitaeque
878 3165 978 3234 deplet
1000 3172 1026 3222 et
1047 3169 1113 3223 lade
1136 3169 1212 3224 oaesi
1232 3169 1281 3224 boo
1301 3185 1401 3224 ramea

257 3283 420 3351 iaeortptam
454 3275 563 3332 babeat.
616 3274 657 3330 Et
686 3274 807 3331 Nerone
835 3276 973 3345 prenotate
1005 3277 1182 3332 commiaata'o
1215 3278 1254 3332 ab
1285 3277 1401 3348 Caspias

256 3395 352 3464 paean
372 3386 482 3444 tentiae
503 3384 653 3454 dicebatur,
676 3401 737 3440 earo
757 3390 860 3453 peteret
880 3385 942 3440 aaa
964 3401 1036 3456 qaae
1053 3402 1106 3456 per
1118 3386 1266 3443 Hiberiam
1285 3389 1317 3442 a'a
1329 3387 1397 3444 Sar·

257 3504 347 3556 motae
379 3496 512 3564 tendebat,
543 3495 587 3550 νίν
613 3495 668 3549 aba
688 3499 801 3564 propter
822 3497 957 3565 oppositos
978 3501 1081 3552 moraes
1103 3496 1185 3552 adita
1208 3498 1245 3552 ad
1267 3495 1399 3568 Caesiam

257 3625 333 3666 mare
343 3599 374 3682 ¹).
419 3601 489 3661 Non
519 3603 642 3678 contigit
663 3600 762 3660 Plinio
793 3610 826 3661 ut
854 3602 929 3661 haue
956 3601 1183 3684 appellationem
1205 3607 1400 3684 exstirparet3

330 3889 355 3955 1)
375 3885 454 3940 Licet
473 3901 605 3954 quaerere
623 3901 687 3940 num
706 3885 811 3940 Plinius
830 3886 890 3940 iure
903 3885 1041 3940 Romanos
1061 3885 1163 3940 erroris
1179 3885 1333 3954 insimulet;
1351 3884 1399 3938 hu·

256 3977 350 4030 bemus
369 3975 440 4031 enim
458 3975 643 4031 testimonium
663 3973 735 4044 quod
754 3991 804 4029 nos
823 3975 903 4030 docet
921 3975 1060 4030 Romanos
1079 3975 1114 4028 ab
1130 3974 1240 4028 illarum
1258 3973 1400 4044 regionum

255 4069 352 4123 incolis
372 4069 533 4139 Caspiarum
559 4075 703 4138 portarum
725 4083 823 4123 nomen
852 4067 948 4123 eadem
970 4066 1168 4135 significatione
1186 4070 1326 4138 accepisse
1345 4084 1400 4137 qua

257 4158 311 4226 ipsi
329 4164 428 4228 postea
445 4159 489 4213 usi
507 4164 586 4227 sunt;
605 4159 712 4225 Kolboi,
731 4157 816 4226 epigr.
837 4158 883 4212 (ir.
904 4157 954 4212 No.
974 4160 1035 4223 549,
1053 4173 1077 4211 v.
1100 4161 1169 4211 1-4

434 4246 468 4304 Ὅ
488 4249 583 4308 κλεινὸς
601 4250 648 4308 ἶνις
667 4249 788 4320 βασιλέως
807 4246 970 4318 Ἀμάζασπος,

439 4343 452 4398 b
471 4340 627 4414 Μιθριδάτου
648 4341 770 4413 βασιλέως
788 4341 937 4413 κασίγνητος
1060 4413 1063 4420 Δ

265 4507 270 4516 .
440 4433 530 4510 ᾧγαῖα
549 4434 663 4508 πατρ[ί]ς
682 4429 798 4494 Κασπίας
817 4436 885 4506 παρὰ
903 4433 1043 4508 νλῄ[0]ρας
