3190 4956
688 265 690 270 ·
807 225 853 280 221

261 409 324 453 esse
346 413 412 452 cum
437 393 586 471 gentilicio
609 395 725 452 nomine
754 391 917 452 Suetiorum
941 391 1108 478 (Oic.Verr.
1132 396 1156 471 I,
1181 395 1272 474 5‚14).
1318 393 1405 453 Coni-

264 510 391 562 ecturam
407 502 558 563 Schraderi
576 507 688 562 Seuthes
709 503 854 580 (Wagner
876 525 902 582 p.
918 506 993 577 213)
1008 525 1184 584 quamquam
1198 502 1287 563 laudo
1308 511 1406 563 tamen

262 631 321 670 non
344 614 474 692 accipio,
506 611 648 691 siquidem
680 612 763 690 plura
794 622 862 672 sunt
889 613 992 673 Valeri
1023 616 1141 672 nomina
1172 633 1247 694 quae
1276 613 1405 694 explica·

260 723 369 782 tionem
392 741 450 782 non
481 720 643 782 admittant.

349 831 606 911 reaaqorasffl
630 830 680 909 97)
703 852 729 890 v.
746 851 768 890 s.
792 831 959 891 Bastarnae.

354 943 492 1016 Voraptas
514 939 639 1019 Scythes
661 939 719 1019 (vl
732 941 832 1018 288),

348 1049 416 1108 Non
439 1069 509 1108 casu
537 1049 647 1108 factum
671 1069 733 1109 esse
762 1058 832 1129 puto
859 1058 892 1108 ut
913 1050 986 1110 haec
1019 1053 1117 1109 omnia
1138 1070 1213 1130 quae
1244 1050 1405 1129 explicanti

262 1165 427 1236 repugnant
448 1161 566 1216 nomina
588 1159 776 1218 barbarorum
799 1169 880 1234 sunt,
913 1179 1087 1238 causamque
1110 1162 1171 1219 eius
1193 1161 1234 1219 rei
1258 1178 1322 1218 eam
1344 1178 1405 1218 esse

263 1264 339 1340 dieo,
361 1265 440 1344 quod
461 1266 604 1345 permulta
626 1269 744 1326 nomina
765 1267 963 1348 geographica
985 1289 1002 1326 a
1024 1267 1105 1326 nullo
1128 1267 1185 1326 alio
1208 1275 1325 1326 auctore
1346 1286 1405 1330 ser·

177 1416 179 1420 .
262 1382 332 1432 vata
354 1394 420 1432 cum
442 1383 560 1434 auctore
571 1374 683 1434 Valerii
705 1375 792 1453 plane
813 1378 974 1454 perierunt,
997 1384 1029 1434 ut
1051 1375 1184 1454 exempla
1207 1375 1324 1434 afferam
1346 1395 1405 1433 non

262 1483 478 1562 explicarentur
499 1487 617 1544 nomina
639 1504 714 1564 quae
736 1494 804 1544 sunt
827 1485 980 1564 Myraces,
1004 1484 1169 1558 Ambenus,
1192 1484 1304 1558 Latris,
1327 1483 1404 1558 Iron,

262 1591 387 1670 Daraps,
410 1594 436 1650 si
457 1591 529 1652 haec
552 1595 669 1652 nomina
693 1592 889 1673 geographica
911 1590 991 1672 apud
1013 1593 1087 1651 alios
1110 1595 1266 1672 scriptores
1289 1601 1406 1650 servata

262 1715 322 1754 non
353 1705 457 1757 essent.
512 1697 548 1756 In
578 1697 744 1758 nominibus
776 1717 850 1778 quae
884 1708 953 1759 sunt
982 1698 1065 1756 Aron
1097 1696 1256 1778 Campesus
1286 1697 1406 1758 Coastes

263 1802 424 1865 Ceramnus
458 1805 620 1868 Cremedou
645 1807 816 1870 Gessithous
848 1807 949 1868 Suetes
980 1807 1052 1866 talia
1083 1811 1200 1868 nomina
1230 1809 1320 1868 latere
1343 1829 1406 1889 pcr-

261 1934 380 1978 suasum
402 1917 503 1979 habeo.

415 2103 474 2160 Res
496 2100 711 2179 geographicae
733 2120 806 2181 quas
830 2099 965 2160 Valerius
987 2099 1144 2180 Apollonio
1167 2099 1262 2160 debet.

351 2235 467 2303 Aespas.
497 2232 627 2304 Amyros.
658 2231 755 2286 Aaron
779 2226 867 2305 (recte
898 2227 991 2306 Lang.
1015 2226 1053 2285 ad
1076 2227 1121 2287 lV
1146 2229 1216 2286 600.
1240 2227 1275 2286 cf.
1298 2228 1408 2303 Petere,

264 2342 302 2401 de
324 2339 355 2400 O.
379 2338 491 2398 Valerii
513 2337 614 2396 Flacci
636 2339 699 2396 vita
728 2345 757 2397 et
780 2340 906 2396 carmina
937 2358 964 2416 p.
985 2337 1045 2416 69).
1090 2343 1248 2412 Apidanus.
1279 2339 1408 2398 AreaeI

267 2453 328 2508 463
353 2445 445 2526 (apud
460 2445 557 2525 Apoll.
574 2447 589 2505 I
608 2448 677 2505 152.
698 2449 757 2504 471
783 2445 881 2506 Arene
907 2445 1045 2525 oppidum
1059 2447 1223 2506 Messeniae
1239 2454 1290 2521 est,
1312 2448 1408 2526 patria

265 2557 337 2617 Idae
372 2565 401 2617 et
431 2556 554 2636 Lyncei.
619 2554 726 2614 Nescio
761 2575 811 2613 cur
839 2554 996 2632 Langenus
1024 2563 1053 2614 et
1086 2554 1263 2614 Bithrensius
1292 2553 1407 2614 Arenen

264 2674 387 2724 matrem
404 2663 526 2724 duorum
541 2662 660 2723 dicant:
680 2666 799 2724 minime
812 2683 929 2723 necesse
952 2672 1003 2738 est,
1025 2672 1058 2722 ut
1072 2663 1162 2723 verba
1176 2672 1279 2743 poetae
1305 2683 1409 2744 „quem

264 2775 470 2836 1111111111ι
496 2782 618 2834 matrem
640 2768 779 2846 indicent,
802 2773 836 2832 cf.
859 2772 949 2850 Verg.
972 2771 1046 2832 Aen.
1070 2773 1119 2831 XI
1143 2774 1203 2831 285

411 2887 443 2944 St
465 2888 521 2943 duo
542 2887 770 2956 praetereumtes
793 2885 881 2940 Idaea
904 2887 1007 2942 raasset
1073 2887 1161 2941 Terra
1182 2888 1261 2942 eirca

353 2995 419 3071 Ego
435 3010 551 3072 quoque
574 2989 659 3050 credo
676 2991 829 3050 Valerium
851 2991 940 3052 schol.
965 2989 1003 3049 ad
1026 2990 1083 3070 Ap.
1106 2991 1198 3064 1152
1222 2990 1329 3070 legisse
1351 3013 1409 3072 quo

268 3102 404 3162 docemur
426 3098 626 3180 Pherecydem
642 3099 761 3159 Arenen
784 3107 905 3160 matrem
928 3119 1027 3160 eorum
1049 3099 1166 3160 fecisse:
1189 3121 1247 3159 non
1269 3102 1411 3181 probatur

266 3211 323 3270 hoc
352 3211 463 3270 scholio
487 3209 638 3270 Valerium
670 3208 707 3268 ab
729 3208 889 3289 Apollonio
919 3208 1114 3290 discessisse).
1161 3215 1293 3288 Assyrias
1322 3216 1409 3272 anas.

266 3325 359 3380 Athos.
410 3325 527 3397 Byzares
539 3315 571 3398 ¹).
627 3321 801 3379 Calliodorus.
857 3321 1009 3394 Corambis.
1067 3320 1213 3380 Caucasus.
1261 3324 1409 3381 Ocraumia.

269 3430 405 3506 0111111111.
446 3429 535 3491 Colchi
572 3426 709 3507 (Colchos
746 3427 783 3486 ab
816 3428 973 3508 Aegyptiis
1009 3436 1087 3487 ortos
1120 3447 1182 3488 esse
1214 3427 1337 3490 fortasse
1374 3451 1411 3491 ex

267 3537 424 3618 Apollonio
454 3539 576 3616 sumpsit
600 3535 750 3612 Valerius,
780 3539 842 3596 veri
865 3536 988 3596 similius
1009 3544 1106 3600 autem
1138 3545 1182 3598 est
1202 3546 1322 3619 propter
1351 3539 1412 3599 bel-

263 3647 327 3718 lum
355 3646 491 3707 Geticum
522 3668 540 3705 a
569 3645 730 3717 Sesostride
760 3654 873 3725 gestum
902 3654 993 3706 totam
1024 3666 1084 3706 rem
1114 3647 1248 3706 haustam
1279 3667 1343 3708 esse
1373 3668 1411 3708 ex

267 3756 481 3837 chorographia
524 3776 600 3837 quae
643 3755 750 3836 pendet
801 3757 838 3816 ab
886 3756 995 3817 Herod.
1040 3757 1074 3816 II
1114 3757 1197 3836 103).
1259 3759 1411 3820 Cratistus.

268 3865 396 3924 Oramus.
428 3866 562 3940 Cyaneae.
599 3864 723 3940 Cytorus.
755 3868 893 3924 Doliones.
928 3867 1063 3938 Erupcas.
1097 3866 1252 3923 Eridanus.
1290 3867 1412 3940 Erytm

268 3971 420 4054 (oppidum
464 3971 621 4052 Erythiam
665 3972 819 4032 Valerius
844 3976 874 4031 in
922 3975 1139 4050 navigationem
1175 3971 1412 4049 Argonautarum

271 4105 344 4114 ,ιη-

341 4157 367 4225 1)
387 4155 529 4224 epitheton
554 4171 686 4223 vagorum
705 4156 832 4210 Valerius
860 4155 900 4210 eis
925 4171 959 4210 ex
978 4155 1094 4210 arbitrio
1121 4169 1170 4208 suo
1198 4154 1289 4222 dedit;
1317 4161 1412 4224 gentes

267 4231 373 4310 montes
391 4249 541 4303 incolentes
567 4250 702 4318 norvegi
722 4255 799 4318 sunt,
819 4253 846 4304 et
866 4248 940 4318 apud
958 4249 1079 4317 reliquos
1106 4252 1232 4302 auctores
1260 4249 1413 4319 (Scylacem

268 4348 302 4399 82
315 4343 410 4397 Hecat.
427 4345 485 4396 119.
500 4341 578 4396 Dion.
598 4343 659 4398 Per.
674 4345 733 4398 765.
752 4345 803 4412 Ap.
817 4343 868 4398 Rh.
889 4343 915 4396 lI
934 4345 1084 4396 39111244.
1117 4340 1207 4394 Strab.
1229 4358 1255 4410 p.
1270 4343 1330 4409 549,
1349 4341 1413 4398 inde

269 4436 363 4506 Steph.
383 4436 448 4506 Byz.
476 4433 679 4509 Ἒπτακομῆται,
699 4435 792 4506 Steph.
806 4437 871 4508 Byz.
890 4434 1015 4509 Βύζηρες)
1032 4433 1101 4488 nihil
1120 4433 1154 4488 de
1172 4447 1206 4489 ea
1223 4449 1255 4490 re
1273 4433 1381 4504 legitur.
