3190 4956
755 262 796 320 29

207 429 286 511 apud
323 427 380 509 Ap.
419 429 452 489 II
490 431 551 490 947
585 433 662 491 inter
701 431 849 516 Cytoron!
870 440 906 492 et.
928 429 1094 518 Carambim
1112 502 1114 510 ¹
1130 436 1266 508 inseruit,
1305 433 1355 496 vel

208 543 306 621 potius
344 538 475 598 ordinem
511 543 636 599 mutavit
672 560 837 620 nomenque
874 521 952 620 apud
979 531 1179 632 'Apollonium
1212 552 1357 638 repertum

210 645 364 731 Ἐρυύῖνοι
385 667 422 707 ex
445 635 569 708 libidine
591 631 770 709 mutavit'in
791 655 923 727 Erythia,
948 645 1026 730 quae
1044 653 1149 711 insula
1162 653 1262 713 labore
1284 655 1358 736 Her·

209 759 283 818 culis
304 760 458 817 notissima
490 767 560 817 erat.
605 758 717 818 Eadem
749 758 871 819 libidine
893 780 961 819 usus
992 769 1036 820 est
1057 765 1088 820 in
1111 751 1227 846 nominc
1256 741 1357 848 oppidi

208 869 343 929 Pallenes
366 866 542 945 laudando).
590 872 775 945 Eurymenae.
800 875 967 932 Haemonia.
991 875 1089 948 Halys.
1103 877 1231 932 'Imbreus
1256 877 1353 933 Jolcus.

208 983 324 1038 Jontam
346 997 430 1035 marc.
454 981 519 1035 Iris.
543 963 674 1036 Lamnas.
700 953 819 1053 Lyrceia
846 969 940 1037 tellus.
964 984 1109 1039 Macrones
1131 980 1198 1057 (hoc
1221 980 1356 1040 Valerius

208 1086 237 1144 V
271 1086 328 1143 151
364 1103 402 1143 ex
432 1082 591 1163 Apollonio
622 1103 691 1143 vero
720 1083 786 1143 loco
813 1088 845 1143 in
874 1088 1092 1164 navigationem
1110 1087 1356 1166 'Argonautarum

208 1195 324 1272 recepit,
347 1190 399 1251 sed
422 1191 486 1270 plus
510 1190 546 1251 de
570 1195 611 1251 eis
626 1201 725 1250 namat
747 1213 834 1271 quam
857 1212 894 1252 ex
908 1192 1069 1274 Apollonio
1092 1196 1228 1274 colligere
1249 1201 1354 1275 potuit,

383 1297 542 1380 Marsya-5¹)
565 1323 608 1361 aa
628 1313 653 1361 a
673 1307 788 1362 secana
810 1295 957 1363 Mac-aes
980 1279 1015 1363 aa
1038 1309 1108 1364 aaa.

207 1413 295 1472 Hanc
324 1429 385 1470 rem
405 1411 541 1470 Valerius
570 1409 608 1469 ad
631 1411 783 1470 arbitrium
813 1433 897 1487 suum
928 1413 1077 1473 transtulit
1106 1435 1124 1472 a
1155 1416 1353 1496 Mossynoecis

207 1524 238 1579 in
260 1519 362 1580 eodem
386 1539 471 1579 versu
492 1523 667 1595 memoratis,
689 1519 727 1580 de
749 1521 855 1604 quibus
879 1521 951 1582 haee
973 1522 1051 1603 apud
1074 1523 1173 1604 Apoll.
1197 1525 1229 1584 II
1253 1528 1354 1585 879ss

207 1631 335 1689 invenit:

300 1777 307 1782 -
390 1733 439 1819 Τῄ
471 1729 547 1798 δ’ἐπι
572 1733 773 1800 Μοσσύνοικοι
797 1719 931 1823 ὁμούριοι
955 1737 1104 1822 ὑλήεσσαν

382 1843 476 1928 ἑξείης
506 1845 637 1928 ἤπειρον,
663 1845 812 1931 ὑπωρείας
835 1870 867 1909 τε
890 1831 1029 1932 νέμονται

383 1951 552 2038 δουρατέοις
575 1953 725 2039 πύργοισιν
749 1957 780 2019 ἐν
804 1955 882 2020 οἰκία
907 1959 1106 2041 τεκτήναντες.
1312 2025 1315 2032 ⁴

212 2068 270 2126 Res
297 2071 359 2146 ipsa
389 2069 515 2146 primum
549 2075 683 2126 narratur
713 2090 731 2126 a
761 2068 956 2149 Xenophonte
979 2070 1062 2129 anab.
1078 2070 1115 2143 V,
1142 2070 1234 2149 436.)
1270 2077 1352 2148 May.

213 2181 297 2235 nesta
327 2181 531 2254 Mariandyni.¹
555 2182 678 2253 Minyae.
716 2183 886 2256 Mossynoeci
915 2178 958 2254 V,
994 2182 1050 2239 151
1085 2179 1234 2258 (traditam
1265 2183 1354 2261 scrip-

210 2294 304 2344 turam
332 2281 547 2364 Mossynocat),
577 2305 652 2365 quae
678 2291 806 2347 concinit
829 2309 894 2348 cum
918 2287 1071 2368 Apollonii
1099 2291 1243 2368 scriptura
1269 2285 1357 2350 Μοσ-

212 2391 349 2466 σύνοικοι,
372 2403 484 2454 mutare
506 2403 617 2454 rectum
639 2396 711 2454 mihi
732 2418 790 2455 non
813 2396 944 2472 videtur,
969 2418 1034 2458 oum
1055 2418 1114 2457 non
1136 2398 1222 2457 facilc
1245 2387 1355 2458 intelle-

207 2507 295 2578 gatur
317 2521 374 2580 quo
405 2499 491 2559 modo
523 2501 596 2559 haec
627 2504 769 2581 scriptura
800 2512 935 2583 corrupta
967 2511 1030 2562 orta
1053 2523 1115 2563 esse
1137 2507 1231 2584 possit
1261 2523 1354 2584 neque

208 2610 269 2669 ullo
289 2610 368 2692 ‘loco
398 2611 638 2690 interpolationes
676 2613 706 2668 in
741 2611 886 2670 Vaticano
920 2621 1053 2692 repertae
1090 2615 1157 2673 sint.
1218 2611 1354 2672 Concedo

204 2719 331 2778 Latinos
346 2737 458 2797 semper
473 2718 608 2778 breviore
623 2713 717 2777 forma
734 2739 807 2799 quae
824 2726 868 2779 est
883 2725 1010 2796 Mossyni
1032 2741 1098 2779 usos
1114 2721 1211 2794 fnisse,
1234 2730 1355 2804 excepto

209 2828 365 2888 Ammiano
389 2827 486 2886 XXII
510 2832 590 2901 831,
619 2836 717 2887 tamen
739 2827 811 2887 haec
841 2849 928 2886 causa
950 2849 1008 2887 non
1030 2832 1108 2887 iusta
1137 2829 1210 2887 mihi
1232 2828 1356 2905 videtur,

206 2946 240 2998 ut
268 2940 435 2998 memoriam
465 2957 522 2995 non
552 2947 716 3016 suspectam
750 2937 917 2996 abiciamus.
973 2938 1054 3016 Lego
1086 2958 1152 2997 cum
1184 2915 1282 2997 Leone
1310 2957 1354 2998 voe

208 3053 378 3124 Mossynoeci
400 3046 448 3124 et.)
483 3051 586 3122 Mysia.
619 3049 697 3105 Ossa.
725 3049 833 3122 Othrys.
859 3051 995 3121 Payasae.
1025 3051 1145 3106 Patrne.
1171 3051 1352 3112 Parrhasiae.

209 3158 328 3226 Pelasyi.
363 3156 466 3211 Pelion.
501 3155 576 3228 Pelia
606 3149 660 3228 (ita
682 3151 818 3209 Valerius
850 3148 889 3208 ad
912 3150 1064 3210 arbitrium
1092 3169 1197 3210 nomen
1220 3151 1355 3212 Pallenes

203 3261 301 3342 ‘quod
316 3259 393 3340 apud
423 3259 479 3339 Ap.
503 3259 590 3336 legit,
614 3267 724 3334 mutat3
755 3267 909 3318 excusatur
940 3279 974 3318 eo
999 3258 1076 3339 quod
1099 3259 1275 3338 Apollonius
1304 3261 1355 3346 illo

207 3369 280 3443 loco,
306 3369 321 3427 I
354 3371 423 3442 177,
449 3367 589 3427 Pellenen
617 3365 756 3447 oppidum
783 3388 800 3425 a
823 3367 905 3426 Pelle
929 3366 1076 3426 conditam
1099 3367 1197 3446 facit).
1236 3373 1354 3434 Percote.

209 3483 306 3539 Peuce.
341 3482 456 3537 Pherae.
482 3481 608 3551 Phleyra.
641 3481 764 3553 Pbylace.
790 3481 923 3536 Piresins.
957 3480 1042 3552 Pitya
1064 3469 1152 3553 (lianc
1173 3475 1294 3535 formam
1317 3495 1354 3536 ex

208 3583 297 3644 schol.
331 3581 369 3642 ad
402 3583 418 3641 Ι
453 3584 514 3642 933
553 3583 690 3660 sumpsit;
729 3581 903 3661 Apollonius
941 3583 1005 3662 ipse
1042 3583 1159 3660 scripsit
1198 3577 1355 3660 ilerdam).

208 3696 341 3752 Samias.
376 3695 472 3764 Sepias
505 3691 631 3768 (inverso
666 3687 799 3770 ordina).
835 3694 1007 3764 Strophades.
1041 3691 1150 3765 Trysa
1174 3675 1352 3751 Marmarion.

209 3807 348 3876 iberniae.
374 3805 487 3876 lbynea
509 3805 617 3858 litlcora.
641 3804 780 3860 Tibareni.
806 3804 906 3860 Tisaea
928 3803 1036 3860 Diana
1281 3803 1283 3808 '
1343 3825 1345 3830 ·

447 3910 506 3968 Res
529 3908 741 3988 geographicae
764 3928 800 3968 ex
824 3908 953 3968 Homero
976 3915 1125 3988 sumptae:

296 4023 359 4079 Elis
381 4016 449 4096 (Od.
468 4021 516 4091 21,
537 4017 619 4095 347).
665 4021 795 4094 Hyperia
820 4015 866 4096 (Il.
890 4015 935 4075 IV
955 4018 1037 4090 457).
1083 4019 1185 4075 Malea.
1210 4019 1356 4075 Messeides

207 4131 300 4186 aradae
323 4127 370 4205 (Il.
394 4126 439 4186 Vl
462 4125 546 4204 457).
992 4132 993 4138 ’

282 4379 308 4448 1)
327 4396 351 4433 v.
371 4376 452 4432 infra.

280 4473 309 4542 2)
328 4471 519 4544 moossonychi
538 4471 569 4528 V.
