3190 4956
753 201 799 270 5'3*

203 381 356 459 epitheton
379 388 522 458 degeneres
544 381 662 461 quidem
677 383 814 443 Valerius
835 387 899 462 ipse
921 383 1015 458 finxit,
1038 385 1067 444 id
1093 384 1208 462 quoque
1231 378 1348 464 compa-

202 493 302 544 ratum
317 489 442 561 invenit3
466 487 501 546 cf.
517 487 592 546 Plin.
609 488 653 546 IV
671 491 728 547 80:
752 493 822 548 alias
837 492 930 562 Getae,
947 493 1021 550 Daci
1035 493 1170 550 Βονκοτιίο
1186 495 1260 564 utut,
1277 498 1348 552 alius

203 595 362 665 semotae,
386 597 499 654 Graecis
519 599 710 669 Sauromatae,
734 616 880 670 eorumque
896 600 1068 656 ΗοιιτιατοίιιόΙ
1090 609 1140 657 aut
1162 605 1253 672 Aorsi,
1277 605 1349 660 aliua

203 703 322 778 Scythae
344 705 488 777 ἀοροιοοτοο
517 713 542 762 et
564 725 582 762 οι
604 709 685 763 samis
707 709 761 762 orti
791 715 841 763 cat
864 709 1037 782 Tropodytae
1060 714 1113 765 etc.
1161 703 1272 764 Plinius
1294 707 1350 765 hoc

203 808 268 868 loco
293 829 355 868 non
384 808 506 869 eundem
535 819 683 870 auctorem
705 810 843 870 exscribit
873 831 907 870 ae
931 811 1079 884 Valerius,
1110 821 1208 872 tamen
1231 821 1351 892 apparet

202 914 358 976 Valerium
388 915 494 977 Sindos
516 938 574 976 non
605 917 642 978 de
664 939 715 978 suo
738 918 895 996 degeneres
925 918 1092 999 appellasse.
1138 921 1350 980 Necessitatem

202 1024 282 1082 inter
300 1021 449 1084 Valerium
465 1035 494 1085 et
508 1026 697 1086 Ammianum
713 1025 939 1087 intercedentem
954 1030 1010 1086 nisi
1027 1031 1138 1086 auctori
1154 1031 1350 1109 geographico

203 1132 482 1214 tribuasexplicare
497 1144 661 1214 conpotes.
700 1135 839 1195 Fortasse
860 1137 1016 1196 Sallustius
1038 1137 1113 1196 hanc
1128 1139 1350 1200 translationem

205 1241 278 1300 fecit
302 1252 460 1323 auctorque
475 1243 587 1304 Valerii
619 1264 683 1305 eam
705 1248 831 1324 recepit:
862 1267 929 1304 nam
952 1245 1139 1305 Ammianum
1170 1247 1353 1326 permultae

205 1349 350 1410 Sallustio
374 1351 505 1412 hausisse
527 1373 611 1412 nemo
646 1361 690 1412 est
712 1356 782 1432 quin
805 1357 885 1412 sciat.
941 1355 1088 1413 Docemur
1109 1363 1204 1413 autem
1235 1355 1291 1412 hac
1321 1373 1351 1412 re

204 1477 266 1516 non
300 1461 398 1516 omnia
429 1461 460 1516 in
483 1459 594 1518 Valerii
626 1459 838 1538 chorograpbia
871 1459 1000 1538 perbona
1032 1459 1135 1534 fuisse3
1167 1479 1251 1537 porro
1286 1477 1351 1516 eum

205 1567 336 1626 fructum
359 1569 489 1648 capimus
512 1585 549 1627 ex
570 1569 626 1626 hae
648 1571 817 1647 quaestione
839 1577 872 1626 ut
887 1571 1097 1647 comperiamus
1114 1575 1260 1626 auctorem
1282 1569 1353 1625 satis

206 1679 359 1755 copiosum
375 1676 464 1738 fuisse
478 1697 574 1758 neque
589 1677 701 1738 aridam
716 1681 864 1737 nominum
881 1686 993 1737 tantum
1009 1681 1254 1738 enumerationem
1271 1695 1353 1754 prae-

205 1785 314 1846 buisse.

298 1899 408 1970 Sinope.
454 1895 629 1975 Apollonius
646 1895 761 1956 *urbem
784 1895 911 1976 Sinopen
939 1900 970 1954 in
999 1897 1110 1975 periplo
1141 1900 1353 1966 commemorat,

207 2004 369 2085 descriptio
392 2013 488 2065 autem
512 2027 600 2085 quam
622 2005 699 2086 apud
722 2006 872 2066 Valerium
894 2006 1026 2084 legimus,
1048 2005 1076 2064 V
1102 2007 1180 2064 108:

428 2134 547 2188 υιαραοο
572 2119 670 2189 pelope
703 2121 795 2174 tremit
822 2119 923 2172 umbra
954 2117 1070 2186 Sinopes

207 2222 281 2282 inde
297 2221 402 2280 hausta
425 2241 487 2281 esse
509 2243 566 2282 non
589 2231 690 2302 potest.
731 2223 816 2282 Talis
836 2222 993 2302 descriptio
1015 2243 1074 2282 non
1088 2222 1216 2299 fingitur,
1238 2225 1281 2280 ita
1296 2240 1355 2278 non

209 2332 341 2412 loquitur
363 2339 449 2410 poeta
472 2330 508 2390 de
530 2331 602 2391 urbe
618 2335 698 2391 cuius
713 2335 785 2391 situs
802 2336 829 2392 ei
844 2333 931 2412 plane
945 2334 1111 2409 incognitus
1127 2340 1178 2390 est.
1202 2331 1232 2390 Si
1249 2331 1357 2408 Sinope

210 2449 244 2499 ut
267 2440 424 2520 pleraeque
439 2439 514 2498 aliae
529 2439 616 2498 urbes
630 2443 793 2499 maritimae
812 2443 842 2498 in
857 2441 942 2499 litore
957 2439 1110 2498 aedificata
1125 2447 1208 2513 esset,
1224 2437 1356 2496 umbram

209 2552 317 2609 nonin
332 2569 412 2608 mare
426 2550 580 2626 proiceret.¹
603 2549 657 2606 Est
673 2557 769 2607 autem
785 2569 842 2606 non
858 2551 914 2607 sita
929 2548 1058 2606 inlitora
1073 2545 1125 2606 sed
1140 2549 1171 2605 in
1187 2546 1247 2605 alta
1261 2545 1357 2604 insula

213 2677 290 2738 quae
301 2675 408 2734 aggere
426 2677 491 2715 cum
502 2658 668 2715 continente
678 2659 831 2714 coniuncta
850 2658 881 2713 in
892 2675 972 2714 mare
992 2657 1156 2733 porrigitur.
1191 2653 1296 2732 Polyb.
1312 2653 1357 2712 IV

215 2770 288 2842 otia
310 2765 330 2848 ἡ
356 2760 388 2824 δὲ
412 2761 532 2846 Σινώπη
556 2765 650 2826 κεῖται
682 2760 732 2846 μὲν
765 2764 880 2834 ἐντοῖς
911 2763 1015 2832 δεξιοῖς
1040 2760 1141 2845 μέρεσι
1170 2764 1220 2821 τοῦ
1245 2756 1358 2821 Πόντου

215 2870 299 2958 παρὰ
314 2871 363 2935 τόν
379 2872 420 2944 είς
437 2872 532 2936 Φᾶσιν
548 2873 648 2950 πλοῦν,
662 2874 757 2935 κεῖται
773 2865 850 2934 δ’ἐπί
864 2895 940 2942 τινος
951 2870 1135 2956 χερρονήσου
1151 2866 1360 2953 προτεινοόσης

214 2981 257 3052 εἰς
281 2977 313 3041 τὸ
330 2977 523 3061 uela-soci<
546 2975 594 3040 τόν
621 2975 671 3061 μὲν
696 2977 809 3062 αὐχένα
832 2975 880 3040 τόν
896 2975 1079 3040 συνάπτοντα
1100 2971 1173 3059 πρὸς
1195 2972 1249 3058 τὴν
1264 2968 1360 3037 Ἀσίαν

215 3091 260 3172 (ὃς
292 3086 367 3150 ἔστιν
392 3087 426 3149 οὐ
456 3089 556 3150 πλεῖον
587 3088 667 3152 δυοῖν
696 3086 836 3164 σταδίων)
859 3088 878 3170 ἡ
903 3087 986 3157 πόλις
1018 3083 1186 3169 ἐπικειμένη
1220 3081 1362 3146 διακλείει

217 3197 338 3285 κυρίως.
372 3203 398 3259 6.
419 3193 451 3257 τό
476 3192 509 3259 δὲ
532 3193 633 3258 λοιπόν
656 3200 708 3277 τῆς
729 3195 913 3278 χερρονήσου
937 3194 1087 3279 πρόκειται
1112 3189 1163 3276 μὲν
1187 3191 1228 3262 εἰς
1250 3188 1283 3252 τό
1307 3188 1362 3252 πέ-

217 3309 308 3390 λαγος
332 3355 337 3367 .
362 3302 424 3366 ἔστι
457 3296 625 3366 δ’ἐπίπεδυν
654 3299 703 3366 καί
733 3300 937 3386 πανευέφοδον
966 3299 1014 3364 ἐπί
1042 3299 1094 3384 τὴν
1125 3300 1227 3374 πόλιν,
1260 3296 1361 3382 κόκλιμ

218 3415 281 3478 δ’ἐκ
295 3411 444 3496 ίλαλόιττης
466 3412 615 3495 ἀπότομον
639 3408 689 3472 καί
713 3410 992 3494 δυσπροσόρμιστον,
1016 3405 1064 3471 καί
1087 3408 1238 3477 παντελῶς
1263 3404 1364 3486 ὀλίγας

218 3523 289 3610 ἔχον
305 3521 492 3608 προσβάσεις.
522 3525 557 3584 cf.
575 3523 746 3583 Strabonem
769 3543 796 3602 p.
815 3525 884 3582 545.
918 3521 1055 3581 Reinach.
1079 3541 1107 3600 p.
1124 3522 1194 3580 352.
1225 3518 1363 3597 Descrip-

221 3636 330 3691 tionem
359 3631 446 3688 buius
476 3631 591 3707 generis
613 3628 732 3688 Valerio
765 3635 831 3686 ante
862 3627 961 3685 oculos
991 3627 1081 3684 fuisse
1111 3632 1244 3704 apparet,
1277 3643 1364 3701 quam

223 3737 389 3800 admirabili
404 3747 466 3798 arte
488 3739 519 3795 in
542 3734 630 3797 unum
646 3736 870 3817 pulcherrimum
894 3754 1011 3794 versum
1027 3737 1181 3794 contraxit.
1227 3735 1275 3793 Ex
1298 3735 1364 3793 aliis

222 3852 431 3929 Argonauticis
453 3847 529 3906 banc
552 3844 774 3924 descriptionem
798 3851 941 3923 sumptam
965 3861 1107 3901 essenon
1129 3851 1200 3922 puto
1224 3845 1293 3922 quia
1315 3863 1365 3922 pe-

224 3960 292 4040 ripli
315 3962 402 4016 situm
433 3956 548 4014 urbium
571 3962 631 4013 tam
662 3961 797 4011 accurate
820 3951 977 4030 depingere
1009 3970 1066 4009 non
1090 3951 1190 4009 solent.
1237 3944 1307 4008 Veri
1330 3953 1366 4008 si-

225 4067 377 4126 millimum
401 4073 444 4124 est
466 4061 716 4140 chorographiam,
740 4079 814 4139 quae
837 4079 873 4118 ex
896 4057 981 4117 bellis
1004 4057 1220 4116 Mithradaticis
1242 4058 1367 4116 fructum

225 4175 302 4236 baud
333 4173 525 4254 spernendum
549 4174 640 4249 cepit,
673 4171 795 4248 Sinopes
827 4171 914 4226 situm
938 4175 1072 4227 accurate
1095 4166 1243 4245 depictum
1274 4169 1366 4225 conti-

224 4291 336 4360 nuisse,
359 4287 495 4364 quoniam
527 4283 635 4360 Sinope
667 4282 748 4358 regia
779 4276 969 4337 Mithradatis
1000 4276 1195 4356 pulcherrima
1227 4284 1255 4335 et
1286 4274 1368 4334 nobi-

222 4392 331 4452 lissima
353 4397 422 4450 erat.
