3190 4956
736 245 776 306 21

277 423 429 483 nomena
443 419 578 480 Albanus
600 421 749 498 (111194)
772 425 895 482 fortasse
916 424 1107 484 conferendus
1121 435 1165 485 cst
1181 447 1245 485 cum
1265 425 1333 486 Orc

184 542 328 605 meteone,
352 531 425 590 Stat.
447 530 542 591 Theb.
568 531 631 591 VII
655 535 726 605 712,
749 553 813 592 curn
836 537 953 592 nomina
976 535 1055 614 apud
1077 536 1203 595 Statium
1219 545 1333 616 reperto

186 641 265 701 haud
289 661 355 700 raro
378 644 532 700 concinant
554 661 621 700 curn
645 644 687 701 eis
710 661 785 720 quae
807 641 885 720 apud
909 643 1059 703 Valerium
1082 644 1214 721 legimus.

273 754 416 810 Gesander
438 770 491 809 rex
510 750 659 829 Jazygum
682 749 739 827 (VI
756 751 838 828 280).
883 751 1036 831 Aspernor
1058 751 1095 813 de
1116 754 1181 812 Viti
1204 754 1330 833 explica·

188 863 296 920 tionem
318 862 374 939 γῆς
398 855 490 939 &ciffi
512 861 574 917 sine
605 858 693 917 dubio
717 861 793 918 inest
816 858 903 942 ἀνήρ,
935 864 1060 940 priorem
1090 871 1201 941 partem
1231 864 1330 923 malim

187 970 293 1030 ducere
316 989 334 1026 a
348 967 492 1027 vocabulo
506 967 580 1047 quod
600 976 644 1027 est
666 987 802 1046 gaesum3
826 968 861 1028 cf.
884 969 1013 1044 Kiistlin,
1035 971 1141 1030 Philol.
1158 975 1197 1032 39
1221 993 1248 1052 p.
1260 976 1332 1044 438,

187 1082 234 1139 cui
256 1078 350 1136 forma
372 1075 542 1136 Gaesander
564 1077 667 1156 placet.
1292 1127 1295 1132 .

274 1190 432 1246 Gasitboas
463 1185 595 1246 Colchus.
626 1185 684 1266 (Vl
718 1186 801 1264 637).
847 1186 981 1246 Secunda
1012 1209 1081 1268 pars
1112 1187 1230 1248 videtur
1261 1188 1331 1258 θοός

191 1312 261 1366 esse,
282 1295 362 1372 prior
385 1291 537 1352 abeodem
560 1293 662 1371 γαῖσον
678 1292 831 1366 vocabulo,
853 1295 896 1351 ita
911 1302 944 1352 ut
965 1313 1071 1353 nomen
1093 1297 1131 1354 sit
1146 1293 1330 1354 Gausithous.

277 1406 449 1477 Hypetaonis
478 1399 581 1460 Colchi
610 1420 712 1460 nomen
747 1402 803 1473 (VI
828 1403 910 1481 637).
940 1401 1063 1462 fortasse
1097 1412 1262 1481 corruptum
1294 1423 1331 1462 ex

190 1515 339 1582 Hicetaon,
375 1507 453 1586 quod
488 1527 594 1567 nomen
631 1507 708 1587 apud
741 1509 899 1568 Homerum
934 1518 963 1570 et
997 1509 1162 1586 Vergilium
1199 1511 1331 1588 legimus.

189 1619 240 1678 An
261 1618 423 1697 Hypataon
446 1637 464 1674 a
486 1615 628 1676 vocabulo
651 1616 730 1696 quod
753 1626 798 1677 est
821 1614 939 1696 ὕπατος,
962 1626 994 1677 ut
1009 1609 1141 1688 Ἰάπετος
1165 1655 1204 1662 —-
1231 1615 1331 1680 Ἰαπε-

187 1723 348 1806 ταονίδηςΡ

274 1839 447 1906 Idasmenus,
470 1832 600 1913 Scythes.
624 1833 669 1892 Vl
696 1836 764 1892 196.

275 1949 410 2015 Medores,
433 1942 565 2022 Scythes.
588 1942 633 2001 VI
658 1945 729 2002 211.

281 2055 403 2110 Oebasus
417 2049 543 2110 Colchus
565 2050 622 2128 (VI
639 2051 722 2128 245).
759 2051 895 2110 Valerius
914 2050 1031 2111 videtur
1044 2055 1212 2112 immutasse
1227 2071 1332 2112 nomen

192 2160 330 2233 Oebaris,
362 2161 495 2236 agasonis
517 2159 691 2218 nobilissimi
714 2159 815 2234 Darii,
846 2159 956 2220 Herod.
980 2161 1029 2220 ΠΙ
1053 2165 1189 2222 85-88.
1215 2161 1258 2220 VI
1282 2164 1331 2221 33.

189 2270 285 2330 Nicol.
308 2269 393 2328 llam.
417 2269 451 2326 fr.
477 2271 526 2329 66.
573 2269 710 2348 Polyaen.
734 2269 797 2328 VII
822 2273 869 2328 16.
914 2269 978 2329 Val.
1001 2271 1080 2330 Mox.
1104 2271 1165 2330 VH
1190 2274 1216 2329 2.
1261 2272 1332 2330 Am·

188 2381 283 2461 polius
307 2381 386 2452 30,5.
431 2377 481 2436 An
504 2388 669 2458 corruptum
692 2379 821 2438 dicemus
843 2399 879 2439 ex
902 2379 1057 2439 Oebalus?

276 2493 424 2548 Rambelus
454 2486 584 2568 Scythes.
620 2487 677 2565 (VI
702 2489 783 2566 599).
829 2489 895 2547 Hoc
926 2507 1029 2548 nomen
1062 2507 1156 2568 neque
1188 2487 1332 2548 Graecum

188 2618 282 2678 neque
304 2599 441 2656 Latinum
464 2607 524 2672 θεῖς
552 2597 669 2656 videtur
691 2597 852 2657 Thracium
876 2617 950 2671 esse,
974 2601 997 2655 si
1021 2596 1108 2657 modo
1130 2596 1208 2657 idem
1231 2606 1276 2657 est
1298 2619 1333 2656 ac
1441 2659 1443 2666 ,

187 2701 361 2792 Ῥηβούλας
391 2702 599 2784 ((11.11Π1
631 2706 696 2765 add.
728 2703 803 2766 1751
832 2700 1006 2788 Ῥηβούλας
1038 2703 1156 2766 Σεύθου
1190 2703 1334 2789 βαςιλέως

190 2809 346 2899 Ὀδρυσῶν
370 2813 465 2893 υἱός.)
511 2815 593 2874 Alibi
624 2816 679 2874 hoc
708 2835 814 2876 nornen
845 2837 903 2875 non
926 2819 1055 2896 repperi3
1089 2815 1151 2874 fieri
1174 2825 1269 2894 potest
1301 2824 1334 2875 ut

190 2926 296 3006 aliquis
310 2924 371 2983 dux
386 2924 545 2999 Thracum,
567 2945 688 3004 quorum
707 2925 838 2984 cohortes
853 2929 946 3005 primo
969 2946 996 3005 p.
1013 2923 1045 2984 O.
1069 2925 1183 2984 sacculo
1205 2927 1237 2982 in
1252 2944 1333 2983 exer-

190 3035 296 3094 citibus
311 3033 452 3092 Romanis
474 3031 601 3092 nobilem
624 3033 720 3092 locum
735 3033 881 3108 tenebant,
904 3033 1015 3093 Romae
1031 3032 1139 3109 degens
1161 3031 1216 3091 hoc
1228 3051 1333 3092 nomen

191 3141 310 3201 Valerio
343 3139 546 3220 suppeditarit:
595 3141 732 3201 Fortasse
764 3144 852 3200 etiam
884 3145 947 3218 regi
979 3140 1066 3199 alicui
1098 3139 1246 3199 Thracum
1278 3140 1334 3199 hoc

192 3268 298 3308 nomen
321 3259 393 3322 erat,
419 3252 468 3329 qui
493 3249 576 3308 nobis
598 3249 686 3328 plane
708 3253 874 3327 incognitus
897 3259 948 3309 est.
994 3249 1107 3308 Tamen
1137 3247 1210 3308 haec
1233 3251 1332 3327 opinio

193 3357 263 3414 satis
285 3357 396 3413 ineerta
419 3363 463 3413 est
480 3373 575 3432 neque
596 3371 672 3431 nego
694 3354 757 3414 fieri
773 3373 865 3434 posse,
888 3363 920 3412 ut
943 3353 1062 3433 aliquod
1084 3371 1187 3412 nornen
1211 3373 1333 3430 geogra-

189 3464 307 3545 phicnm
330 3463 384 3522 sub
406 3463 461 3521 hoc
485 3465 603 3522 nomine
626 3463 727 3522 lateat:
747 3457 935 3546 Ῥαμβαίους
960 3471 1077 3540 gentem
1099 3462 1203 3541 Syriae
1226 3461 1331 3522 Strabo

188 3589 214 3648 p.
241 3573 301 3630 753
327 3568 474 3628 describit.
500 3568 548 3626 An
571 3567 770 3646 Rhamphelus
793 3565 964 3650 (ῥαμφηλαῖ
986 3576 1018 3627 ut
1040 3564 1239 3650 *sanonlubl

276 3682 422 3736 Rbadalm
444 3677 576 3756 Scythes.
613 3677 672 3755 (VI
697 3677 757 3757 69).
803 3678 838 3737 Id
871 3697 985 3758 quoqne
1017 3697 1121 3738 nomen
1149 3677 1332 3736 barbaricum

189 3786 399 3848 videturesse.
444 3787 480 3844 In
503 3786 597 3845 titulis
620 3787 707 3845 Ponti
731 3788 840 3846 Euxini
868 3788 962 3847 multa
984 3787 1092 3846 similia
1114 3789 1233 3844 nomina
1255 3789 1335 3846 inve·

188 3900 299 3970 nimus,
327 3903 359 3955 ut
375 3887 585 3977 Ῥαδαμψῶν,
612 3886 829 3974 (Ραδάγωσος,
859 3890 1106 3977 Ῥαδαμσάδιος,
1133 3889 1335 3975 Ῥαδάμασις,

185 3997 470 4087 Ῥαδαμόφουρτος,
490 3996 720 4086 (Ραδάμειστος.
767 4004 891 4065 Videtur
906 4004 1042 4064 Valerius
1064 4023 1171 4064 nomen
1194 4007 1335 4082 principis

190 4115 313 4172 alicuius
328 4114 517 4172 barbarorum
541 4117 590 4194 qui
615 4114 713 4172 oculos
728 4115 877 4174 hominum
900 4114 979 4172 illins
995 4117 1059 4173 aevi
1083 4117 1114 4172 in
1138 4134 1168 4172 so
1185 4116 1337 4186 convertit,

189 4227 219 4282 in
235 4245 318 4282 suum
341 4244 424 4282 usum
440 4226 569 4294 vertisse,
591 4223 713 4282 fortasse
736 4227 786 4297 ita,
809 4232 841 4282 ut
863 4227 926 4302 ipse
941 4223 1177 4303 hypocoristicon
1201 4223 1335 4298 fingerem

189 4333 260 4392 Tac.
284 4353 351 4390 ann.
368 4332 433 4390 XII
450 4335 489 4390 44
514 4336 688 4392 mentionem
712 4332 783 4391 lacit
798 4331 961 4392 Radamisti
985 4331 1038 4392 filii
1059 4335 1137 4408 regis
1153 4330 1335 4388 Hiberorum.

277 4446 372 4503 &etas
394 4440 527 4522 Scythas.
567 4440 624 4524 (Vl
650 4442 731 4521 559).
777 4441 846 4502 Non
877 4450 948 4520 puto
980 4439 1094 4500 Suetem
1131 4438 1335 4500 conferendum
