3190 4956
786 215 827 284 st

493 403 639 460 reoieedamt
661 406 730 474 iupa
752 403 892 459 Sarmatis

229 509 307 569 Plin.
331 509 377 570 VI
401 511 441 568 40
460 519 560 582 portae
685 529 756 582 qaae
778 529 831 581 per
854 510 1002 567 Hiberiam
1030 515 1062 568 ia
1083 512 1229 568 Sarmatas
1247 509 1373 570 temtaret.

229 621 335 679 Portas
357 617 533 677 Sarmaticas
554 620 586 676 in
602 616 732 676 Caucaso
756 615 896 676 describit
910 615 985 675 Ptol.
1002 616 1031 675 V
1055 620 1131 691 9,11.
1148 641 1185 682 15.
1230 616 1294 674 Has
1309 636 1375 695 por-

230 736 277 786 tas
297 746 359 784 non
381 727 444 785 sinc
467 746 554 784 causa
576 729 619 783 ita
643 725 805 805 appellatas
828 744 890 784 esse
913 723 1050 784 docemur
1072 746 1090 783 a
1111 725 1227 796 Tacito,
1249 744 1315 782 ann.
1329 722 1375 782 VI

235 837 275 894 33
305 837 360 892 Sed
390 838 491 892 Hiberi
519 838 638 892 loaormm
659 841 779 904 potentes
804 833 905 904 Caspia
926 838 970 891 oia
991 835 1152 892 Sarmatam
1173 842 1205 894 ia
1227 840 1374 894 Armenios

233 948 338 1016 raptim
372 945 528 1013 effaadrmt.
573 939 669 998 Anon.
693 957 794 1015 geogr.
818 959 910 1018 comp.
944 959 967 998 c.
993 941 1049 999 20:
1088 937 1240 1002 ὑπόκειται
1272 936 1306 1000 δὲ
1337 939 1375 1023 τῇ

233 1044 389 1132 {apporia
420 1043 492 1130 πρὸς
528 1041 579 1128 μὲν
609 1049 652 1130 τῷ
679 1043 785 1129 Πόντῳ
816 1045 835 1128 ἡ
861 1040 1009 1130 Κολχικὴ,
1041 1043 1112 1130 πρὸς
1136 1043 1169 1108 δὲ
1191 1054 1228 1131 τῇ
1251 1043 1375 1132 Kronia

232 1155 252 1237 ἡ
277 1149 424 1237 Ἀλβανία.
470 1152 513 1213 Of.
538 1152 636 1231 Apoll.
659 1152 715 1211 Rh.
740 1153 789 1212 ΙΙΙ
813 1155 884 1212 353.
910 1156 980 1214 392.
1025 1155 1134 1214 Lucan.
1158 1156 1208 1215 ΙΠ
1232 1159 1310 1216 270:

407 1285 543 1340 Hemoeti
565 1285 703 1355 saevisque
725 1286 822 1352 affinis
844 1284 978 1340 Sarmata
1001 1287 1125 1342 naam.

229 1409 305 1467 Plin.
329 1407 372 1466 VI
406 1409 443 1465 16
477 1411 662 1481 Epaamitae,
698 1409 894 1465 Sarmatarum
923 1397 1041 1480 popedon
1073 1414 1105 1467 im
1139 1409 1258 1468 (ramat
1288 1414 1371 1483 iupis,

226 1527 288 1590 poet
320 1537 399 1591 quem
420 1518 605 1575 Sauromatae
618 1509 649 1594 1).
695 1513 881 1594 Quamquam
910 1513 948 1574 de
978 1523 1074 1574 aetate
1103 1519 1229 1574 auctoris
1259 1515 1371 1575 nihilex

229 1624 425 1703 descriptione
441 1637 443 1666 ³
455 1624 542 1682 huius
564 1622 762 1683 Sarmatarum
793 1622 871 1682 sedis
894 1633 1016 1704 apparet
1038 1632 1135 1684 tamen
1158 1623 1291 1684 videmus
1314 1625 1374 1685 Vs·

230 1735 335 1792 len'nm
358 1737 510 1793 concinere
532 1754 598 1793 aum
620 1733 795 1812 geographis
817 1753 887 1792 suae
909 1736 1020 1792 aetatis.

318 1857 397 1915 Turn
420 1856 555 1916 Valerius
577 1864 677 1914 narrat
699 1855 737 1915 de
759 1855 907 1928 Sarmatis,
931 1856 964 1914 II
990 1857 1048 1914 176
1074 1876 1128 1914 ss:

534 1987 706 2044 Sarmaticos
727 1990 838 2043 atinam
860 1989 978 2056 fortuma
1000 1987 1116 2042 mirsam

403 2095 532 2154 insedisse
555 2097 647 2152 domos
668 2100 811 2167 atraque
832 2098 968 2153 habitasse
985 2097 1109 2165 prmiaas

410 2456 453 2514 Hi
474 2458 533 2514 iam
555 2454 718 2516 Sarmaticis
734 2448 898 2531 permittant
920 2459 1038 2517 carbasa
1060 2459 1156 2517 bracis.

232 2635 516 2654 Q

234 2799 238 2806 ,
309 2739 335 2808 l)
354 2738 459 2794 Plinius
485 2742 613 2812 (eumque
638 2739 726 2796 secuti
751 2739 829 2811 origo
848 2755 908 2812 gen.
928 2738 999 2796 hum.
1019 2756 1045 2810 p.
1069 2742 1119 2794 140
1137 2736 1229 2806 Friclr,
1254 2741 1375 2807 excerpt.

229 2832 277 2888 lat.
298 2833 381 2888 Barb.
400 2851 426 2904 p.
443 2837 500 2904 196,
519 2835 590 2888 liber
608 2842 729 2905 generat.
750 2853 776 2905 p.
793 2839 832 2890 10.
855 2823 899 2906 12)
919 2835 987 2888 satis
1006 2832 1151 2888 ridiculum
1170 2848 1292 2888 errorem
1305 2848 1375 2885 oom-

231 2927 318 2996 misit,
346 2932 378 2980 ut
397 2927 538 2982 Sarmatas
565 2935 593 2983 et
616 2929 793 2984 Sauromatas
823 2929 892 2984 duas
917 2930 1008 2984 varias
1034 2933 1129 2996 gentes
1155 2942 1215 2981 esse
1242 2924 1374 2980 crederet.

232 3019 348 3074 Putares
377 3019 405 3074 id
430 3019 490 3074 fieri
515 3039 569 3075 non
598 3039 679 3091 posse
707 3029 854 3093 postquam
877 3024 937 3092 ipse
956 3023 993 3076 IV
1012 3025 1047 3076 80
1066 3020 1153 3075 dixit:
1185 3020 1258 3075 alias
1281 3018 1373 3086 Getae,

229 3108 305 3164 Daoi
322 3111 458 3167 Romanis
476 3113 550 3180 dicti,
570 3115 644 3169 atius
665 3114 818 3184 Sarmatae,
847 3114 961 3169 Graecis
980 3114 1168 3172 Sauromatae.
1207 3111 1248 3164 Ne
1267 3108 1295 3163 id
1315 3107 1372 3176 qui-

231 3202 292 3258 dem
311 3204 352 3258 ita
370 3221 399 3259 se
419 3205 517 3277 habet;
542 3207 597 3261 iem
616 3208 722 3277 pridem
740 3215 804 3263 ante
823 3210 1008 3264 Romanorum
1027 3212 1146 3262 aetatem
1166 3197 1374 3272 Theophrastus

233 3294 268 3350 ir.
291 3301 341 3352 172
361 3298 474 3368 scripsit
491 3300 521 3353 τὸ
540 3301 680 3372 ripariae,
700 3303 713 3356 d
732 3305 758 3355 ἐν
777 3301 888 3362 Σκύθαις
907 3303 980 3374 φασὶν
998 3303 1014 3373 ἣ
1035 3299 1179 3372 Σαρμάταις
1198 3297 1325 3369 γενέσθαι,
1344 3299 1373 3349 et

233 3389 309 3444 tituli
327 3387 676 3463 oppidorum'Graecorum
699 3395 736 3450 ad
754 3397 872 3450 Pontum
897 3396 1027 3462 sitorum,
1054 3399 1086 3447 ut
1104 3391 1273 3460 Gorgippiae
1300 3387 1375 3457 apud

230 3483 298 3538 iPE.
312 3484 396 3540 40200.
417 3486 482 3540 403⁸
501 3488 552 3541 hac
571 3486 663 3543 forma
680 3494 803 3544 utuntur.
843 3489 954 3544 Poetice
975 3487 1092 3558 Σαμάται
1109 3489 1248 3558 vocantun
1261 3481 1372 3556 apion

232 3574 293 3628 Per.
312 3577 365 3630 304
384 3575 429 3646 (cf.
449 3577 546 3632 Eusth.
567 3578 602 3632 ad
619 3581 693 3650 284),
713 3577 842 3654 Συρμάται
860 3580 895 3634 ab
908 3578 1024 3632 Eudoxo
1044 3581 1100 3648 (ap.
1120 3577 1159 3630 St.
1175 3575 1227 3644 R),
1246 3572 1316 3644 Styl-
1331 3573 1373 3626 68·

230 3667 350 3724 Plin.V1
370 3672 412 3724 48.
450 3671 557 3742 Formis
578 3671 725 3729 Sarmatae
744 3679 771 3728 et
786 3673 968 3729 Sauromatae
986 3671 1140 3741 promiscue
1153 3673 1268 3732 utuntur
1282 3667 1375 3718 aucto·

229 3773 289 3828 res,
318 3759 486 3830 totidemque
505 3743 599 3818 Latini
626 3764 743 3821 formam
764 3767 946 3822 Sauromatae
974 3770 1041 3832 quot
1057 3761 1156 3818 Graeci
1174 3759 1291 3814 sormam
1312 3745 1376 3830 >Zap-

232 3855 310 3924 μάται
329 3853 467 3910 adhibent.
506 3857 626 3913 Similem
645 3875 766 3914 errorem
785 3877 818 3915 ac
830 3860 935 3914 Plinius
946 3858 1119 3912 Ptolemaeus
1133 3852 1275 3908 commisit.
1296 3851 1375 3904 Rho·

232 3946 395 4004 xolanorum
413 3965 480 4017 gens
499 3950 534 4004 ab
554 3951 678 4006 omnibus
698 3950 880 4020 scriptoribus
899 3967 954 4005 una
973 3949 1064 4004 forma
1076 3946 1376 4008 Rhoaolamivocatun

230 4041 404 4097 Ptolemaeus
432 4042 561 4098 finitimos
581 4045 806 4100 Rhoxolanorum
820 4043 1010 4104 Ῥευκαναλοὺς
1029 4059 1090 4098 esse
1118 4041 1157 4096 ait
1184 4037 1297 4094 credens
1325 4050 1373 4090 eos

233 4133 315 4188 aliam
334 4141 441 4203 gentem
461 4152 529 4191 esse.
567 4137 641 4191 Vera
660 4136 750 4193 forma
768 4139 893 4205 nominis,
910 4153 992 4206 quam
1010 4136 1101 4190 nullus
1121 4133 1286 4202 scriptorum
1298 4128 1377 4182 nobie

231 4226 326 4296 tradit,
351 4235 394 4284 est
412 4228 576 4298 Ῥευξιναλοί,
596 4232 656 4285 ΙΡΕ
671 4232 1032 4287 ChersonnesusNo.185¹⁸.
1062 4227 1203 4308 Panticap.
1217 4224 1272 4279 86²·
1302 4221 1378 4290 Quae

233 4319 361 4388 indigena
381 4321 471 4378 torma
490 4323 583 4392 aliquo
602 4324 682 4379 modo
702 4323 738 4379 ad
756 4326 944 4380 Ptolemaeum
962 4307 1072 4393 perlata
1089 4337 1173 4376 causa
1192 4319 1254 4387 tuit,
1274 4324 1305 4374 ut
1324 4324 1379 4374 sta·

155 4450 158 4456 -
233 4417 325 4471 tuerat
342 4415 420 4473 iuxta
438 4417 617 4485 Rhoxolanos
634 4424 744 4488 gentem
761 4419 1001 4484 Rheuoanolorum
1019 4417 1146 4472 incolere.

1113 4527 1130 4586 6
