3190 4956
725 197 763 256 59

181 369 340 450 descripsit,
365 369 442 450 quod
466 369 667 432 Sarmatarum
690 371 808 428 nomine
829 367 991 448 permultae
1012 375 1114 445 genas
1137 366 1323 448 comprehen-

181 478 337 552 debantur,
369 498 419 537 cur
448 497 506 536 non
536 485 566 536 ct
588 475 741 554 Sagantii‘?
787 474 948 534 Gensemns
969 478 1060 554 igitur
1083 475 1267 536 Herodotum
1288 483 1319 536 et

181 587 257 668 apud
292 587 441 646 Valerium
480 596 508 648 et
543 585 620 670 apud
654 587 833 649 Pausaniam
870 593 1016 648 auctorem
1053 585 1140 646 huius
1176 587 1319 646 narratio-

179 700 225 759 nis
247 717 317 756 esse.

264 812 378 868 Aadras
401 806 459 887 (VI
484 807 545 887 60).
589 809 680 867 Recta
701 808 857 884 Langenus
882 805 979 868 Auchi
1010 824 1116 868 nomeu
1144 805 1181 868 ab
1204 804 1322 866 Aucha-

177 923 379 996 rerumgesta
402 915 483 978 ducit
534 917 734 1000 Descriptioui
757 920 820 977 eius

686 1051 731 1105 cai
753 1049 890 1105 candidas
912 1049 976 1104 olim

351 1161 437 1215 crinis
457 1161 535 1228 tae,
559 1159 653 1214 aatalc
674 1160 755 1214 dacae

182 1281 305 1340 adnotat
336 1283 412 1340 Ellis
437 1281 576 1363 (Journal
608 1281 641 1340 of
666 1282 766 1362 philol.
791 1282 839 1340 IX
870 1303 898 1362 p.
925 1281 975 1359 57)
1008 1279 1129 1340 Ptolem.
1159 1276 1257 1356 Heph.
1280 1276 1325 1336 IV

181 1389 276 1469 (Phot.
302 1390 365 1449 cod.
391 1389 464 1465 190)
487 1377 546 1450 ual¹
563 1385 698 1451 Γαλάτου
721 1387 797 1460 τινὸς
821 1386 882 1460 υἱὸς
906 1384 1055 1474 Ἀχιλλεὺς
1078 1384 1206 1468 ἐκλήθη.
1236 1383 1267 1446 ὃν
1291 1381 1325 1444 ἐκ

181 1497 302 1576 γενετῆς
323 1491 424 1560 πολιὸν
449 1491 590 1575 γενέσθαι
614 1492 697 1577 φησί.
744 1495 870 1576 Scythas
892 1495 960 1556 alba
982 1501 1048 1556 cute
1076 1501 1107 1552 et
1136 1491 1213 1550 flavo
1246 1491 1326 1550 crine

181 1603 272 1662 fuisse
296 1603 459 1682 complures
489 1606 641 1684 scriptores
664 1612 752 1664 testes
782 1613 863 1680 sunt,
894 1612 928 1663 nt
950 1603 1040 1662 Arist.
1063 1599 1206 1660 Problem.
1231 1600 1280 1672 38,
1304 1623 1325 1662 s.

182 1713 329 1771 Martialis
352 1713 396 1771 IV
420 1717 468 1772 68.
514 1711 644 1772 Galenus
675 1713 712 1773 de
751 1716 835 1773 sanit.
867 1712 963 1774 tueud.
990 1717 1017 1786 1,
1039 1737 1061 1778 5.
1108 1709 1184 1770 Plin.
1207 1708 1240 1767 ΙΙ
1265 1707 1325 1766 189

183 1827 306 1881 candida
340 1832 422 1896 atquc
453 1828 564 1898 plantati
595 1834 654 1882 cata
685 1844 739 1883 esse
766 1833 875 1899 pratas,
910 1827 989 1895 fluas
1015 1827 1168 1895 promissos
1196 1821 1326 1878 atatam.

182 1930 315 2010 Hesyclr.
349 1927 504 1991 Σκυθικόν.
557 1932 694 1992 Valerius
731 1934 819 1992 etiam
849 1931 893 1992 VI
928 1933 988 1992 144
1030 1928 1209 1989 demonstrat
1250 1925 1327 1986 hanc

180 2038 405 2121 descriptionem
429 2041 485 2101 sibi
507 2050 606 2101 notam
628 2041 725 2117 fuisse,
749 2041 848 2102 dicens

616 2182 642 2231 ct
663 2177 728 2246 sicci
750 2177 825 2231 oriae
847 2173 997 2230 Satarchae

184 2295 261 2376 qnod
284 2316 315 2356 re
338 2317 408 2356 vera
430 2317 488 2356 uon
510 2297 549 2356 ad
571 2298 648 2359 solos
671 2299 826 2360 Satarchas
848 2299 992 2378 pertinere
1022 2301 1246 2356 cousentaneum
1275 2299 1326 2352 ast.

268 2429 363 2482 Aaloa
393 2424 419 2504 (Ι
443 2426 525 2500 389).
571 2424 718 2484 Aulonem
748 2432 864 2504 praeter
892 2422 1045 2486 Valerium
1074 2431 1103 2480 et
1129 2419 1259 2479 Plinium
1281 2417 1327 2478 IV

185 2534 237 2608 6,s
270 2533 369 2592 nullus
397 2534 592 2594 Romanorum
624 2537 747 2615 scriptor
777 2532 881 2592 laudat
911 2551 1005 2612 neque
1037 2530 1116 2589 ullus
1149 2527 1328 2588 Graecorum

183 2650 278 2719 poeta.
324 2643 429 2722 Itaque
461 2643 556 2702 aliena
590 2653 652 2703 erat
681 2665 699 2702 a
729 2651 879 2724 poetarum
909 2662 971 2700 usu.
1016 2639 1095 2716 Quid
1118 2638 1219 2699 Aulon
1241 2636 1330 2696 fuerit

185 2749 260 2810 bene
284 2753 420 2830 exposuit
443 2750 654 2812 Oberhummer
676 2756 707 2812 in
730 2751 966 2833 encyclopaedia,
990 2771 1076 2832 quam
1092 2747 1188 2828 Pauly
1212 2753 1330 2828 etpost

188 2879 252 2920 eum
274 2860 423 2920 Wissowa
444 2861 563 2921 edidito
590 2863 720 2922 Difficile
742 2871 785 2923 est
808 2861 844 2921 de
866 2861 921 2922 hoc
944 2868 973 2920 et
996 2857 1168 2940 quibusdam
1190 2855 1256 2914 aliis
1278 2875 1327 2914 uo·

186 2969 313 3028 minibus
336 2969 509 3050 oppidorum
531 2975 563 3031 in
578 2971 704 3032 Graecia
727 2975 848 3032 sitorum
871 2969 1039 3032 diiudicare.
1085 2966 1241 3028 Graeciam
1261 2985 1329 3046 quo·

187 3098 243 3159 que
273 3078 310 3137 ab
343 3087 459 3140 auctora
482 3081 592 3140 Valerii
625 3081 799 3162 descriptam
828 3079 917 3140 fuisse
939 3087 1023 3140 extra
1044 3076 1258 3138 dubitationem
1279 3094 1330 3153 po·
1429 3117 1431 3122 -

186 3189 275 3248 situm
297 3197 358 3266 est3
389 3197 486 3249 tamen
509 3189 651 3250 Graeciae
672 3193 807 3268 regiones
829 3189 903 3250 adeo
925 3197 1012 3248 notae
1041 3195 1123 3247 eraut
1148 3193 1182 3245 ut
1212 3183 1332 3244 difficile

187 3295 335 3358 discernas
358 3319 432 3378 quae
454 3303 572 3359 nomina
596 3303 707 3360 auctori
737 3298 842 3358 debeat
881 3315 956 3376 quae
983 3299 1047 3376 ipse
1075 3295 1196 3353 noverit.
1241 3291 1332 3350 Prac-

189 3413 269 3466 terea
291 3409 359 3466 seiri
381 3429 440 3467 non
462 3417 560 3489 potest
581 3431 650 3468 num
672 3417 759 3490 poeta
779 3411 812 3466 in
834 3406 960 3466 Graecia
982 3405 1069 3464 fuerit
1091 3419 1220 3482 quosque
1253 3400 1333 3460 locos

189 3515 230 3574 ibi
265 3514 378 3575 adierit.
432 3517 545 3576 Tamen
568 3527 714 3577 auctorem
744 3514 972 3596 geographicum
1000 3511 1118 3574 subesse
1146 3517 1232 3592 puto,
1262 3510 1331 3587 quia

190 3629 277 3700 poeta
298 3621 449 3701 praedicat
471 3621 617 3682 Aulonem
639 3623 777 3683 fluctibus
800 3622 919 3682 obvium
941 3637 1023 3696 esse,
1055 3622 1147 3678 obrias
1173 3635 1232 3674 non
1254 3613 1332 3672 idem

188 3731 268 3790 valet
296 3739 383 3811 atque
414 3740 567 3808 aaronitas,
600 3732 652 3814 sed
680 3735 757 3792 inest
783 3733 853 3792 huic
873 3729 1017 3790 vocabulo
1040 3729 1122 3786 notio
1145 3721 1331 3784 occurrendi:

189 3837 267 3898 unde
290 3839 395 3918 colligo
418 3840 568 3900 Valerium
591 3839 735 3900 Aulonem
757 3861 810 3920 pro
832 3837 935 3898 Nudae
957 3837 1040 3896 fluvii
1068 3834 1148 3894 valle
1178 3835 1331 3912 accepisse.

189 3943 306 4027 Optime
329 3956 358 4006 et
379 3950 491 4027 poetice
513 3948 624 4008 dictum
646 3955 690 4006 est
712 3947 832 4007 fluvium
856 3947 928 4004 mari
953 3944 1071 4004 obvium
1095 3961 1163 4002 esse.

277 4078 411 4135 Balloniti
429 4074 469 4153 (V
471 4075 486 4134 Ι
496 4079 532 4134 16
541 4075 576 4156 1).
606 4075 757 4135 Deforme
770 4075 856 4133 huius
870 4073 997 4132 nominis
1011 4091 1039 4130 v.
1055 4091 1084 4149 p.
1096 4073 1122 4128 8.
1157 4067 1204 4126 Dc
1214 4063 1333 4126 sedibus

191 4199 288 4241 eorum
310 4183 385 4242 nihil
406 4183 540 4260 traditur,
562 4191 661 4244 tamen
682 4183 752 4244 licet
773 4202 810 4242 ex
831 4181 951 4242 Valerio
974 4181 1106 4240 conicere
1133 4175 1186 4234 ubi
1213 4173 1331 4235 fuerint.

190 4290 326 4350 Valerius
347 4311 396 4353 eos
418 4313 476 4352 una
499 4315 564 4352 cum
585 4294 694 4353 Moesis
716 4301 746 4353 et
768 4293 909 4352 Sarmatis
932 4294 1093 4362 enumerat,
1126 4301 1201 4364 quaa
1231 4289 1333 4361 gentes

193 4399 231 4460 ad
251 4402 421 4462 Danuvium
443 4399 607 4462 inferiorem
630 4401 776 4477 incolunt,
807 4403 906 4482 itaque
927 4398 1069 4458 Balloniti
1091 4411 1206 4476 quoque
1227 4395 1259 4450 in
1280 4391 1333 4451 illa
