3190 4956
782 207 826 293 re'

222 377 360 484 depinxit
390 405 574 466 Reinachius.
628 403 800 467 Strabonem
838 407 1013 466 vetustiores
1050 405 1206 484 scriptores
1242 412 1371 464 secutum

220 533 287 572 esse
309 533 367 572 non
389 517 419 573 in
443 515 565 575 obscuro
588 524 640 575 est.
686 516 788 595 Ipsius
814 523 911 574 aetate
933 513 1066 600 Jaayges
1088 513 1127 572 ad
1141 513 1249 572 istrum
1271 533 1374 592 pervc-

220 625 301 683 nisse
332 623 485 696 videntur,
520 625 602 682 cuius
623 627 665 683 rei
691 621 821 683 Ovidius
852 623 978 702 optimus
1001 624 1083 682 testis
1106 621 1191 680 uobis
1213 629 1265 680 est.
1312 619 1374 680 Ibis

221 733 294 790 135.
326 749 363 792 ex
386 733 419 790 P.
443 731 458 791 I
483 735 558 806 22²⁹·
583 731 629 792 IV
652 733 725 803 ia:

400 867 458 936 ipsc
479 867 559 936 videa,
582 873 698 921 onerata
720 868 800 935 saraa
820 873 853 921 at
874 867 959 921 ducat
980 867 1072 938 Juaya

396 993 450 1044 per
472 976 576 1030 ammas
600 975 667 1031 Istri
684 977 816 1045 plaustra
838 975 968 1031 bubulcus
992 993 1077 1044 aqua.

223 1099 302 1160 Cum
326 1103 416 1162 Dacis
446 1101 648 1162 discordantes
677 1121 726 1162 eos
754 1106 913 1182 reperimus
935 1101 1013 1183 apud
1036 1102 1111 1160 Plin.
1136 1101 1181 1160 IV
1205 1106 1261 1174 80,
1295 1101 1374 1160 Moe-

221 1215 286 1271 siae
309 1214 479 1290 provinciae
502 1215 615 1271 vicinas
636 1211 761 1270 Tacitus
784 1233 833 1271 eos
855 1211 984 1285 inducit,
1016 1212 1083 1270 hist.
1107 1211 1157 1270 HI
1181 1214 1207 1270 5.
1254 1208 1374 1289 Optimo

222 1320 318 1394 igitur
339 1319 402 1374 iure
425 1315 559 1375 Valerius
583 1315 716 1395 Jazyges
740 1315 777 1374 ad
801 1317 908 1376 Istrum
931 1319 1020 1396 ponit,
1044 1325 1201 1396 auctorque
1223 1317 1285 1374 eius
1307 1325 1374 1375 ante

226 1424 333 1487 Ovidii
357 1425 478 1483 exilium
502 1429 651 1504 scripsisse
674 1447 733 1484 non
756 1425 879 1486 videtur.
925 1425 999 1484 Inde
1022 1425 1059 1484 ab
1082 1425 1175 1484 altera
1190 1433 1273 1504 parte
1287 1427 1374 1503 primi

225 1559 252 1616 p.
279 1537 312 1596 C.
337 1534 445 1595 saeculi
468 1535 600 1612 Jazyges
622 1536 765 1592 introrsus
787 1533 911 1592 adverso
934 1533 1053 1592 flumine
1080 1533 1155 1591 Istro
1189 1532 1373 1610 migrabant3

224 1647 299 1706 Tae.
324 1665 389 1702 ann.
414 1643 478 1702 XII
503 1645 541 1701 29
566 1651 667 1700 narrat
690 1661 739 1700 eos
755 1641 872 1700 Vannio
890 1624 957 1720 'regi
976 1641 1136 1701 Sueborum
1159 1641 1271 1699 auxilia
1288 1661 1375 1720 eque·

222 1757 297 1812 stria
321 1753 494 1832 praebuisse.
540 1750 615 1809 Ptol.
640 1750 689 1808 ΙΙΙ
715 1753 772 1823 7‚1
797 1750 931 1829 Jaaygas
953 1751 1136 1809 Metanastas
1163 1753 1238 1809 inter
1260 1751 1374 1809 Tisiam

223 1873 253 1922 et
278 1864 448 1920 Danuvium
471 1861 559 1939 ponit.
605 1859 641 1917 In
663 1859 739 1918 bello
764 1880 781 1916 a
804 1859 903 1918 Marco
934 1861 1065 1939 principe
1095 1857 1235 1917 adversus
1259 1859 1373 1917 Marco-

222 1991 348 2030 mannos
374 1979 457 2046 gesto
492 1971 594 2048 copiae
623 1987 722 2026 eorum
744 1970 915 2046 saepissime
936 1987 995 2025 una
1018 1987 1083 2026 cum
1107 1967 1321 2025 Marcomannis
1344 1975 1374 2026 et

222 2078 340 2154 Quadis
363 2079 553 2159 appellantur,
576 2085 609 2136 ut
632 2097 649 2134 a
672 2077 768 2136 Dione
791 2076 893 2135 Cassio
917 2079 966 2151 71,
980 2101 1074 2144 r-rs.

222 2210 299 2268 Pars
322 2227 420 2267 eorum
441 2211 473 2266 in
506 2206 652 2286 prioribus
684 2205 801 2265 sedibus
832 2208 986 2279 remansit,
1017 2205 1092 2264 Ptol.
1116 2205 1165 2264 III
1189 2206 1216 2278 i),
1232 2231 1254 2268 r.
1299 2204 1371 2264 Am-

222 2321 338 2392 mianus
368 2316 464 2375 XXII
488 2320 561 2389 8,21
599 2318 737 2394 antiquos
770 2311 924 2394 scriptores
958 2322 1074 2373 secutus
1103 2315 1190 2374 huius
1222 2317 1264 2372 rei
1292 2316 1375 2372 testis

222 2449 285 2486 non
315 2435 382 2494 est„
412 2424 485 2484 Inde
515 2427 654 2502 migranti
687 2427 763 2504 parti
786 2424 936 2506 Jazygum
968 2443 1073 2484 nemen
1105 2417 1298 2486 Μετανάσται
1327 2424 1372 2480 iu-

224 2535 326 2608 ditum¹
344 2543 396 2594 est.

313 2670 413 2725 Latris
435 2665 492 2743 (VI
518 2663 601 2746 121).
647 2665 762 2724 Nomen
784 2666 883 2725 Latris
906 2664 1035 2745 Scythae
1057 2685 1075 2724 a
1097 2665 1240 2726 vocabulo
1274 2661 1373 2746 λάτρις

224 2775 327 2832 fictum
364 2773 503 2832 abhorret
540 2793 557 2831 a
592 2772 799 2834 consuetudine
823 2773 940 2832 Valerii.
986 2773 1052 2833 Hoc
1082 2793 1188 2832 nomeu
1220 2782 1251 2832 ut
1280 2773 1374 2832 multa

225 2883 286 2941 alia
310 2884 452 2959 originem
475 2885 621 2960 repetita
654 2883 875 2962 chorographia.
920 2883 996 2942 Plin.
1022 2884 1068 2942 IV
1092 2886 1131 2942 97
1162 2888 1277 2958 quidam
1307 2888 1374 2942 haec

223 2995 348 3051 habdari
370 2996 408 3050 cd
428 2995 542 3051 Vistlam
564 3013 650 3066 mque
672 2998 787 3065 ianam
806 3016 824 3052 a
837 2997 983 3068 Sarmatia,
1012 2997 1137 3066 Veneriis,
1160 2996 1253 3064 Scirie,
1272 2995 1371 3051 Hirrie

224 3105 352 3168 trudant,
384 3106 478 3158 marran
501 3103 661 3177 Cylipenum
694 3109 784 3162 vocari
814 3113 839 3161 et
866 3109 898 3161 in
927 3111 995 3162 ostio
1026 3111 1083 3162 cias
1105 3108 1226 3162 iaculum
1249 3105 1371 3160 Latrim.

228 3208 282 3266 Est
305 3210 397 3284 igitur
418 3207 514 3266 insula
536 3211 567 3266 in
590 3229 698 3268 oceano
722 3210 950 3289 septemtrionali
974 3213 1039 3284 sita,
1068 3211 1189 3268 tortasse
1211 3229 1253 3282 ea,
1284 3229 1372 3288 quam

226 3315 315 3374 hodie
337 3313 425 3376 Oesel
459 3337 605 3376 vocamus.
650 3317 734 3376 Haec
764 3317 860 3377 insula
887 3321 919 3376 in
951 3319 1163 3396 chorograpbia
1186 3317 1298 3376 Valerii
1321 3315 1372 3375 de-

226 3427 337 3504 scripta
358 3427 564 3500 gravissimum
585 3428 783 3486 testimonium
805 3435 849 3486 est
870 3427 948 3486 hunc
981 3426 1088 3486 librum
1118 3447 1176 3484 nou
1210 3434 1278 3484 aute
1310 3444 1371 3485 mc·

228 3529 310 3592 dium
331 3553 361 3612 p.
386 3531 418 3592 0.
442 3534 587 3593 saeculum
610 3537 736 3614 primum
758 3538 954 3616 conscriptum
984 3553 1064 3611 esse;
1096 3534 1173 3594 Mela
1204 3553 1269 3593 eam
1299 3555 1370 3594 non-

126 3693 129 3696 .
226 3641 296 3700 dum
325 3643 423 3716 novit,
456 3639 564 3702 nedum
587 3643 700 3702 Strabo.
745 3640 902 3704 Praeterea
930 3643 1000 3704 inde
1031 3644 1097 3704 lnce
1119 3643 1224 3702 clarius
1247 3651 1370 3722 apparet

223 3759 314 3810 totum
336 3751 474 3829 Europae
496 3749 637 3810 ambitum
659 3754 691 3810 in
713 3751 765 3809 illa
789 3751 1003 3832 chorographia
1026 3751 1204 3830 descriptum
1226 3750 1322 3810 fuisse.

312 3885 412 3958 Lycus.
457 3880 548 3941 Recte
582 3881 706 3942 Vossius
739 3881 904 3941 emendavit
926 3887 1031 3958 Lycas,
1068 3881 1145 3962 quod
1178 3887 1207 3940 et
1236 3882 1370 3958 proxime

225 3989 263 4048 ad
285 3987 394 4048 tradita
416 3988 529 4048 accedit
551 3997 580 4048 et
602 4009 634 4048 re
652 3989 809 4067 flagitatur,
834 3993 902 4070 quia
916 3991 967 4050 illo
990 3989 1055 4049 loco
1067 3989 1112 4048 IV
1128 3991 1188 4048 719
1214 3989 1249 4049 de
1271 3990 1369 4048 fluviis

147 4149 150 4155 .
226 4099 322 4175 agitur
345 4117 363 4154 a
385 4097 580 4174 septentrione
602 4101 633 4156 in
649 4097 775 4156 Pontum
798 4107 827 4158 et
841 4095 1020 4157 Maeotidem
1042 4079 1239 4170 influentibus,
1263 4103 1368 4172 Hister,

229 4209 342 4278 Tanaia,
366 4209 466 4282 Lyae,
490 4207 629 4280 Hypanis,
654 4207 755 4279 Nouus,
785 4207 911 4266 Maeotis.
957 4204 1002 4265 (li.
1026 4225 1048 4266 s.
1073 4227 1101 4264 v.
1124 4205 1227 4264 Novas
1251 4202 1289 4286 (p.
1304 4207 1365 4284 48).

227 4311 262 4371 In
295 4312 341 4372 his
373 4311 471 4370 fluviis
500 4311 600 4391 Lycus
631 4312 682 4372 ille
704 4312 863 4392 Bithyniae
893 4313 1000 4371 fluvius
1033 4315 1213 4391 ineptissime
1242 4294 1369 4394 ponitur,

230 4436 285 4499 qua
307 4417 454 4480 decanea
475 4417 608 4479 nonnulli
630 4421 687 4478 viri
709 4418 797 4495 docti,
832 4439 903 4501 quos
925 4420 998 4480 hacc
1021 4419 1178 4483 difficultas
1200 4441 1259 4480 non
1281 4421 1366 4504 fugit,
