3190 4956
789 243 828 302 32

242 422 320 482 Num
344 420 480 482 Valerius
511 421 583 480 haec
615 419 652 480 de
684 440 735 478 suo
769 419 946 498 proposuit?
992 417 1121 476 Minime.
1166 411 1331 471 Transtulit
1353 411 1384 469 in

242 531 412 609 Arimaspas
436 548 509 608 quae
532 527 610 608 apud
634 536 781 615 auctorem
803 546 887 584 suum
910 524 947 585 de
968 523 1118 583 Satarchis
1142 520 1221 578 dicta
1247 521 1382 598 repperit.

239 637 320 696 Mela
332 637 365 694 ΙΙ
383 640 410 709 1,
433 639 471 694 10
494 641 645 696 Satarchae
668 642 733 694 aare'
755 641 917 709 arpeatr'que
939 638 1126 692 maaimaram
1144 635 1265 704 pestium
1287 633 1384 703 ipaare'

238 753 292 806 alce
315 767 408 805 reram
424 752 584 804 commercia
607 754 735 803 eaerceat.
781 742 871 801 Solin.
891 744 929 800 85
953 745 1103 800 Satarchae
1125 763 1179 800 aaa
1194 743 1261 796 aarr'
1284 757 1382 810 erpere

241 861 317 928 tique
340 857 472 912 damnato
494 859 526 912 r'a
548 862 691 911 aeternam
712 873 739 911 se
763 874 781 909 o
798 855 912 924 publica
939 854 1061 909 auaritia
1091 853 1278 908 madiearaat.
1325 846 1383 907 Ge-

240 959 364 1038 neratim
399 956 435 1016 de
468 955 585 1036 Scythis
617 956 754 1014 Justinus
777 953 809 1013 II
843 957 859 1013 7
896 976 998 1013 aarum
1031 964 1056 1013 et
1090 966 1236 1028 arpentum
1265 960 1384 1030 perinde

237 1074 425 1139 asperaaatar
455 1085 488 1124 ae
509 1069 609 1138 retiqm'
640 1068 766 1121 mortales
794 1066 937 1136 adpetant.
983 1060 1119 1120 Valerius
1150 1064 1214 1141 ipse
1237 1063 1382 1141 significat

237 1171 310 1232 haec
331 1171 369 1232 de
391 1171 540 1232 Satarchis
562 1173 671 1250 scripta
693 1190 724 1230 se
746 1169 863 1248 legisse,
887 1167 986 1228 diceus
1008 1169 1054 1227 VI
1080 1171 1139 1227 145

407 1284 500 1338 dr'toat
521 1300 575 1339 saa
596 1284 713 1338 mulctra
736 1283 894 1350 Satarchen,

238 1386 344 1466 quibus
376 1386 473 1447 verbis
503 1389 684 1466 apertissime
707 1386 762 1444 hoc
785 1388 860 1444 inest
881 1405 939 1444 non
963 1405 1064 1444 aurum
1088 1385 1245 1444 Satarchae
1267 1383 1382 1446 ditasse.

235 1494 326 1553 Tales
348 1515 393 1554 res
415 1515 468 1554 nos
491 1493 596 1554 docent
620 1495 895 1573 chorographiamm
919 1501 1051 1552 auctores
1083 1491 1193 1575 νόμιμα
1218 1488 1384 1578 βαρβαρικὰ

235 1602 403 1663 adhibuisse
431 1612 464 1663 ut
497 1603 669 1684 populorum
705 1602 914 1682 descriptiones
946 1603 1155 1682 amplificarent
1187 1612 1216 1660 et
1246 1611 1384 1662 ornarent

234 1709 343 1770 additis
365 1712 554 1772 mirabilibus.
600 1713 736 1772 Valerius
765 1715 827 1792 ipse
850 1711 961 1794 νόμιμα
986 1706 1151 1794 βαρβαρικά
1180 1731 1240 1770 non
1264 1709 1384 1770 videtur

233 1818 424 1895 consuluisse;
448 1822 478 1879 in
505 1820 716 1901 chorographia
739 1820 776 1880 ab
800 1840 833 1879 eo
857 1819 990 1879 adhibita
1012 1819 1157 1900 permulta
1178 1823 1240 1878 eius
1262 1825 1382 1896 generis

186 1951 188 1954 ·
236 1926 325 1986 fuisse
348 1927 437 1986 Plinii
461 1937 490 1988 et
515 1928 608 1988 Melae
630 1927 821 1987 similitudine
843 1927 990 2008 probatur.

323 2039 469 2096 Armeaia.
514 2036 652 2094 Valerius
676 2036 703 2094 V
730 2038 790 2094 166
823 2036 992 2094 Armeniam
1024 2039 1066 2093 ita
1099 2045 1318 2108 commemorat,
1351 2045 1385 2095 ut

233 2147 373 2219 appareat
395 2160 460 2200 eum
483 2150 628 2201 auctorem
653 2140 882 2222 geographicum
897 2149 1026 2200 secutum
1043 2160 1113 2202 esse.
1160 2141 1286 2202 Uberius
1305 2143 1382 2202 hanc

233 2265 293 2306 rem
316 2248 491 2327 explicatam
515 2251 647 2308 invenies
669 2270 690 2306 s.
714 2269 742 2306 v.
765 2247 866 2307 Hiber.
912 2249 993 2325 Ergo
1024 2257 1125 2307 auctor
1147 2247 1258 2308 Valerii
1293 2253 1382 2310 etiam

233 2354 403 2414 Armeniam
426 2355 586 2437 descripsit.

320 2472 420 2526 Armes
444 2464 501 2543 (VI
521 2463 604 2542 530).
650 2462 755 2522 Armes
770 2462 895 2542 Scythes
917 2482 1022 2522 nomen
1046 2467 1158 2544 accepit
1181 2464 1218 2522 ab
1234 2465 1383 2526 Armenia.

235 2571 305 2632 Jam
328 2572 439 2643 ¹Petere
471 2593 499 2651 p.
524 2575 564 2631 70
599 2569 665 2630 adn.
698 2570 775 2630 hanc
808 2589 869 2630 rem
905 2579 983 2630 recte
1017 2571 1199 2647 observavit,
1237 2573 1287 2633 sed
1321 2596 1382 2633 non

234 2680 440 2740 animadvertit
464 2688 603 2760 quantum
625 2679 751 2738 fructum
774 2697 811 2737 ex
838 2677 971 2736 manibus
994 2677 1123 2738 dimittat
1145 2677 1258 2739 dicens:
1297 2702 1380 2753 „cum

234 2787 353 2866 longum
379 2808 441 2848 esse
463 2788 534 2846 mihi
558 2787 694 2847 videatur
717 2785 823 2844 dueum
854 2805 969 2864 quoque
996 2789 1114 2845 nomina
1143 2790 1172 2846 in
1203 2788 1381 2870 disquisitio·

231 2889 302 2955 nem
328 2917 433 2956 vocare
465 2900 536 2956 satis
576 2896 669 2955 habeo
697 2893 825 2967 dixisse,
858 2913 892 2952 ea
923 2897 1081 2953 maximam
1110 2905 1222 2975 partem
1247 2896 1389 2976 derivata,

231 3022 293 3063 esse
323 3025 340 3060 a
373 3004 541 3063 nominibus
574 3011 715 3062 terrarum
748 2999 795 3058 vel
829 2999 984 3084 fluviorum
1015 3006 1166 3080 regionum
1202 3006 1316 3065 illarum
1347 3011 1377 3065 in

231 3112 337 3192 quibus
359 3115 420 3170 nati
446 3121 513 3170 sunt
535 3110 652 3170 duces“.
698 3106 764 3180 Quo
788 3111 818 3165 in
843 3111 991 3168 enuntiato
1015 3111 1068 3170 boc
1090 3133 1178 3170 unum
1202 3134 1260 3172 non
1279 3133 1380 3173 verum

232 3218 377 3299 estquod
400 3217 436 3279 de
459 3223 554 3300 patria
577 3217 683 3278 ducum
706 3215 802 3276 dixit:
833 3218 965 3276 invenies
989 3217 1112 3278 ducibus
1134 3225 1244 3301 patrias
1267 3226 1380 3301 origine

233 3331 383 3388 nominum
405 3329 538 3408 neglecta
561 3328 645 3388 datas
669 3347 738 3388 esse.

317 3442 461 3498 darmatas
485 3438 526 3516 (V
554 3438 635 3516 582).
681 3436 797 3496 Carmei
820 3439 891 3496 socii
918 3436 1092 3496 Colchorum
1114 3459 1219 3498 nornen
1242 3460 1301 3499 non
1329 3440 1381 3499 du-

234 3543 356 3604 cendum
381 3555 424 3605 est
447 3567 465 3604 a
487 3547 619 3604 Romana
641 3553 728 3622 gente
756 3548 827 3603 satis
856 3545 994 3619 obscura,
1029 3566 1080 3604 cur
1102 3547 1250 3625 Vergilius
1278 3533 1405 3626 gentes¹

239 3653 387 3712 Romanas
417 3651 495 3711 haud
527 3672 592 3711 raro
623 3651 809 3711 admiscuerit
838 3655 868 3710 in
898 3661 998 3731 aperto
1022 3662 1072 3727 est,
1095 3654 1214 3714 Valerio
1237 3656 1310 3714 alias
1332 3676 1379 3716 res

229 3764 368 3820 tractanti
401 3763 520 3819 nomina
549 3759 666 3820 aliunde
698 3759 825 3840 petenda
858 3769 956 3835 erant,
987 3763 997 3818 i
1029 3780 1052 3820 e.
1076 3781 1112 3820 ex
1141 3761 1228 3820 rebus
1257 3783 1378 3842 geogra-

232 3867 334 3946 phicis.
380 3868 457 3926 Plin.
481 3868 527 3927 VI
560 3870 619 3927 157
655 3871 686 3926 in
724 3871 940 3927 enumeratione
976 3871 1108 3946 gentium
1142 3868 1270 3929 Arabiae
1306 3871 1378 3930 haec

229 3974 357 4054 profert:
391 3980 524 4050 oppletam
548 3981 661 4050 Phoda,
697 3998 729 4036 oc
751 3982 862 4036 Miaaa'
886 4001 904 4036 a
926 3997 989 4052 repe
1014 3979 1112 4036 Cretae
1135 3981 1244 4051 Miaoe,
1276 3990 1309 4038 at
1333 4000 1377 4039 ea-

231 4086 365 4154 tstr'moret,
399 4089 533 4158 oripiaem
561 4089 698 4143 trabeatos
727 4104 844 4158 quoram
874 4086 990 4143 Carmei.
1036 4082 1110 4143 Inde
1140 4086 1259 4143 minime
1288 4084 1377 4143 conli-

229 4187 355 4268 gendum
379 4198 422 4248 est
445 4189 597 4249 Valerium
619 4189 734 4249 Arabas
758 4193 852 4250 socios
875 4190 1050 4250 Oolchomm
1074 4211 1135 4252 esse
1158 4192 1296 4267 finxisse;
1327 4191 1377 4250 do-

231 4316 329 4357 cemur
351 4304 447 4356 autem
471 4297 549 4377 apud
573 4298 682 4358 Valerii
706 4305 852 4358 auctorem
882 4301 970 4358 ctiam
997 4299 1126 4360 Arabiae
1152 4298 1377 4379 descriptionem

230 4406 326 4468 fuisse.
