<?xml version="1.0" encoding="UTF-8"?>
<!DOCTYPE html PUBLIC "-//W3C//DTD XHTML 1.0 Transitional//EN"
    "http://www.w3.org/TR/xhtml1/DTD/xhtml1-transitional.dtd">
<html xmlns="http://www.w3.org/1999/xhtml" xml:lang="en" lang="en">
 <head>
  <title>
</title>
<meta http-equiv="Content-Type" content="text/html;charset=utf-8" />
  <meta name='ocr-system' content='tesseract 3.04.00' />
  <meta name='ocr-capabilities' content='ocr_page ocr_carea ocr_par ocr_line ocrx_word'/>
</head>
<body>
  <div class='ocr_page' id='page_1' title='image "./dechorographiaa00heergoog_0040.png"; bbox 0 0 3190 4956; ppageno 0'>
   <div class='ocr_carea' id='block_1_1' title="bbox 787 301 826 360">
    <p class='ocr_par' dir='ltr' id='par_1_1' title="bbox 787 301 826 360">
     <span class='ocr_line' id='line_1_1' title="bbox 787 301 826 360; baseline 0 0"><span class='ocrx_word' id='word_1_1' title='bbox 787 301 826 360; x_wconf 80' lang='lat'>35</span> 
     </span>
    </p>
   </div>
   <div class='ocr_carea' id='block_1_2' title="bbox 235 473 1394 4571">
    <p class='ocr_par' dir='ltr' id='par_1_2' title="bbox 235 473 1384 1092">
     <span class='ocr_line' id='line_1_2' title="bbox 235 473 1384 555; baseline 0.004 -22"><span class='ocrx_word' id='word_1_2' title='bbox 235 475 278 534; x_wconf 87' lang='lat' dir='ltr'>ita</span> <span class='ocrx_word' id='word_1_3' title='bbox 308 481 340 534; x_wconf 93' lang='lat' dir='ltr'>ut</span> <span class='ocrx_word' id='word_1_4' title='bbox 373 492 459 534; x_wconf 89' lang='lat' dir='ltr'>canes</span> <span class='ocrx_word' id='word_1_5' title='bbox 491 477 542 555; x_wconf 87' lang='lat' dir='ltr'>qui</span> <span class='ocrx_word' id='word_1_6' title='bbox 574 473 755 536; x_wconf 90' lang='lat' dir='ltr'>dominorum</span> <span class='ocrx_word' id='word_1_7' title='bbox 785 480 948 536; x_wconf 84' lang='lat' dir='ltr'>viventium</span> <span class='ocrx_word' id='word_1_8' title='bbox 971 476 1183 538; x_wconf 80' lang='lat' dir='ltr'>commilitones</span> <span class='ocrx_word' id='word_1_9' title='bbox 1205 487 1289 540; x_wconf 86' lang='lat' dir='ltr'>erant</span> <span class='ocrx_word' id='word_1_10' title='bbox 1310 495 1384 538; x_wconf 91' lang='lat' dir='ltr'>mor-</span> 
     </span>
     <span class='ocr_line' id='line_1_3' title="bbox 235 583 1384 666; baseline 0.006 -24"><span class='ocrx_word' id='word_1_11' title='bbox 235 589 350 644; x_wconf 88' lang='lat' dir='ltr'>tuorum</span> <span class='ocrx_word' id='word_1_12' title='bbox 374 601 488 663; x_wconf 90' lang='lat' dir='ltr'>quoque</span> <span class='ocrx_word' id='word_1_13' title='bbox 511 585 630 643; x_wconf 84' lang='lat' dir='ltr'>comites</span> <span class='ocrx_word' id='word_1_14' title='bbox 652 587 787 644; x_wconf 90' lang='lat' dir='ltr'>meritum</span> <span class='ocrx_word' id='word_1_15' title='bbox 816 583 955 646; x_wconf 88' lang='lat' dir='ltr'>honorem</span> <span class='ocrx_word' id='word_1_16' title='bbox 985 587 1157 666; x_wconf 88' lang='lat' dir='ltr'>acciperent.</span> <span class='ocrx_word' id='word_1_17' title='bbox 1203 586 1294 648; x_wconf 87' lang='lat' dir='ltr'>Cuius</span> <span class='ocrx_word' id='word_1_18' title='bbox 1324 607 1384 649; x_wconf 90' lang='lat' dir='ltr'>me-</span> 
     </span>
     <span class='ocr_line' id='line_1_4' title="bbox 236 691 1384 777; baseline 0.006 -29"><span class='ocrx_word' id='word_1_19' title='bbox 236 691 285 749; x_wconf 90' lang='lat' dir='ltr'>riti</span> <span class='ocrx_word' id='word_1_20' title='bbox 308 710 416 769; x_wconf 87' lang='lat' dir='ltr'>magna</span> <span class='ocrx_word' id='word_1_21' title='bbox 437 712 505 772; x_wconf 87' lang='lat' dir='ltr'>pars</span> <span class='ocrx_word' id='word_1_22' title='bbox 520 691 640 752; x_wconf 90' lang='lat' dir='ltr'>Valerio</span> <span class='ocrx_word' id='word_1_23' title='bbox 664 691 860 754; x_wconf 87' lang='lat' dir='ltr'>abiudieauda</span> <span class='ocrx_word' id='word_1_24' title='bbox 883 701 927 753; x_wconf 89' lang='lat' dir='ltr'>est</span> <span class='ocrx_word' id='word_1_25' title='bbox 950 693 1029 775; x_wconf 92' lang='lat' dir='ltr'>quod</span> <span class='ocrx_word' id='word_1_26' title='bbox 1051 713 1112 754; x_wconf 89' lang='lat' dir='ltr'>rem</span> <span class='ocrx_word' id='word_1_27' title='bbox 1134 714 1193 754; x_wconf 93' lang='lat' dir='ltr'>non</span> <span class='ocrx_word' id='word_1_28' title='bbox 1212 697 1275 777; x_wconf 87' lang='lat' dir='ltr'>ipse</span> <span class='ocrx_word' id='word_1_29' title='bbox 1297 695 1384 756; x_wconf 82' lang='lat' dir='ltr'>finxit</span> 
     </span>
     <span class='ocr_line' id='line_1_5' title="bbox 239 797 1384 882; baseline 0.003 -23"><span class='ocrx_word' id='word_1_30' title='bbox 239 797 292 859; x_wconf 90' lang='lat' dir='ltr'>sed</span> <span class='ocrx_word' id='word_1_31' title='bbox 315 817 352 858; x_wconf 86' lang='lat' dir='ltr'>ex</span> <span class='ocrx_word' id='word_1_32' title='bbox 374 799 507 878; x_wconf 91' lang='lat' dir='ltr'>Vergilio</span> <span class='ocrx_word' id='word_1_33' title='bbox 529 800 687 876; x_wconf 81' lang='lat' dir='ltr'>transtulit,</span> <span class='ocrx_word' id='word_1_34' title='bbox 717 803 766 882; x_wconf 90' lang='lat' dir='ltr'>qui</span> <span class='ocrx_word' id='word_1_35' title='bbox 792 801 835 862; x_wconf 90' lang='lat' dir='ltr'>VI</span> <span class='ocrx_word' id='word_1_36' title='bbox 860 803 919 861; x_wconf 83' lang='lat'>657</span> <span class='ocrx_word' id='word_1_37' title='bbox 946 821 983 861; x_wconf 91' lang='lat' dir='ltr'>ss.</span> <span class='ocrx_word' id='word_1_38' title='bbox 1034 801 1163 864; x_wconf 81' lang='lat' dir='ltr'>Aeneam</span> <span class='ocrx_word' id='word_1_39' title='bbox 1185 804 1217 861; x_wconf 87' lang='lat' dir='ltr'>in</span> <span class='ocrx_word' id='word_1_40' title='bbox 1240 799 1317 862; x_wconf 89' lang='lat' dir='ltr'>Orco</span> <span class='ocrx_word' id='word_1_41' title='bbox 1347 805 1384 862; x_wconf 89' lang='lat' dir='ltr'>si-</span> 
     </span>
     <span class='ocr_line' id='line_1_6' title="bbox 239 906 747 969; baseline 0.004 -3"><span class='ocrx_word' id='word_1_42' title='bbox 239 906 339 966; x_wconf 91' lang='lat' dir='ltr'>milem</span> <span class='ocrx_word' id='word_1_43' title='bbox 360 927 421 968; x_wconf 90' lang='lat' dir='ltr'>rem</span> <span class='ocrx_word' id='word_1_44' title='bbox 444 906 635 969; x_wconf 78' lang='lat' dir='ltr'>admirantem</span> <span class='ocrx_word' id='word_1_45' title='bbox 657 908 747 969; x_wconf 80' lang='lat' dir='ltr'>facit:</span> 
     </span>
     <span class='ocr_line' id='line_1_7' title="bbox 702 1019 964 1092; baseline 0 -16"><span class='ocrx_word' id='word_1_46' title='bbox 702 1019 861 1092; x_wconf 71' lang='lat' dir='ltr'>passimque</span> <span class='ocrx_word' id='word_1_47' title='bbox 883 1021 964 1078; x_wconf 75' lang='lat' dir='ltr'>sabati</span> 
     </span>
    </p>

    <p class='ocr_par' dir='ltr' id='par_1_3' title="bbox 363 1131 1183 1202">
     <span class='ocr_line' id='line_1_8' title="bbox 363 1131 1183 1202; baseline 0.004 -19"><span class='ocrx_word' id='word_1_48' title='bbox 363 1144 416 1198; x_wconf 79' lang='lat' dir='ltr'>par</span> <span class='ocrx_word' id='word_1_49' title='bbox 438 1144 564 1198; x_wconf 69' lang='lat' dir='ltr'>amputa</span> <span class='ocrx_word' id='word_1_50' title='bbox 585 1134 741 1198; x_wconf 78' lang='lat' dir='ltr'>pascantur</span> <span class='ocrx_word' id='word_1_51' title='bbox 763 1131 833 1200; x_wconf 74' lang='lat' dir='ltr'>aaut</span> <span class='ocrx_word' id='word_1_52' title='bbox 858 1145 928 1200; x_wconf 72' lang='lat' dir='ltr'>qaae</span> <span class='ocrx_word' id='word_1_53' title='bbox 949 1131 1047 1202; x_wconf 79' lang='lat' dir='ltr'>pratia</span> <span class='ocrx_word' id='word_1_54' title='bbox 1069 1146 1183 1186; x_wconf 77' lang='lat' dir='ltr'>aarum</span> 
     </span>
    </p>

    <p class='ocr_par' dir='ltr' id='par_1_4' title="bbox 368 1239 1055 1310">
     <span class='ocr_line' id='line_1_9' title="bbox 368 1239 1055 1310; baseline 0.006 -18"><span class='ocrx_word' id='word_1_55' title='bbox 368 1253 563 1308; x_wconf 72' lang='lat' dir='ltr'>armorumque</span> <span class='ocrx_word' id='word_1_56' title='bbox 583 1239 640 1307; x_wconf 72' lang='lat' dir='ltr'>salt</span> <span class='ocrx_word' id='word_1_57' title='bbox 663 1239 735 1308; x_wconf 70' lang='lat' dir='ltr'>viora,</span> <span class='ocrx_word' id='word_1_58' title='bbox 758 1255 829 1310; x_wconf 76' lang='lat' dir='ltr'>qaae</span> <span class='ocrx_word' id='word_1_59' title='bbox 850 1255 920 1295; x_wconf 83' lang='lat' dir='ltr'>cara</span> <span class='ocrx_word' id='word_1_60' title='bbox 941 1239 1055 1296; x_wconf 71' lang='lat' dir='ltr'>attaris</span> 
     </span>
    </p>

    <p class='ocr_par' dir='ltr' id='par_1_5' title="bbox 238 1347 1387 3240">
     <span class='ocr_line' id='line_1_10' title="bbox 364 1347 1115 1418; baseline 0 -16"><span class='ocrx_word' id='word_1_61' title='bbox 364 1363 477 1417; x_wconf 78' lang='lat' dir='ltr'>pascere</span> <span class='ocrx_word' id='word_1_62' title='bbox 499 1363 589 1418; x_wconf 74' lang='lat' dir='ltr'>equos,</span> <span class='ocrx_word' id='word_1_63' title='bbox 612 1347 706 1403; x_wconf 81' lang='lat' dir='ltr'>eodan</span> <span class='ocrx_word' id='word_1_64' title='bbox 728 1351 854 1418; x_wconf 67' lang='lat' dir='ltr'>sceattar</span> <span class='ocrx_word' id='word_1_65' title='bbox 875 1349 968 1404; x_wconf 73' lang='lat' dir='ltr'>tellure</span> <span class='ocrx_word' id='word_1_66' title='bbox 989 1354 1115 1418; x_wconf 79' lang='lat' dir='ltr'>repostos.</span> 
     </span>
     <span class='ocr_line' id='line_1_11' title="bbox 238 1449 1384 1530; baseline -0.002 -19"><span class='ocrx_word' id='word_1_67' title='bbox 238 1451 364 1512; x_wconf 86' lang='lat' dir='ltr'>Albanis</span> <span class='ocrx_word' id='word_1_68' title='bbox 392 1451 554 1530; x_wconf 84' lang='lat' dir='ltr'>singulares</span> <span class='ocrx_word' id='word_1_69' title='bbox 577 1471 663 1512; x_wconf 90' lang='lat' dir='ltr'>canes</span> <span class='ocrx_word' id='word_1_70' title='bbox 685 1449 889 1512; x_wconf 82' lang='lat' dir='ltr'>adtribuuntur</span> <span class='ocrx_word' id='word_1_71' title='bbox 911 1474 929 1511; x_wconf 91' lang='lat' dir='ltr'>a</span> <span class='ocrx_word' id='word_1_72' title='bbox 951 1452 1048 1512; x_wconf 89' lang='lat' dir='ltr'>Plinio</span> <span class='ocrx_word' id='word_1_73' title='bbox 1071 1451 1150 1513; x_wconf 89' lang='lat' dir='ltr'>VIII</span> <span class='ocrx_word' id='word_1_74' title='bbox 1174 1453 1245 1511; x_wconf 81' lang='lat'>149.</span> <span class='ocrx_word' id='word_1_75' title='bbox 1291 1449 1384 1511; x_wconf 88' lang='lat' dir='ltr'>Vides</span> 
     </span>
     <span class='ocr_line' id='line_1_12' title="bbox 239 1555 1385 1638; baseline 0.002 -22"><span class='ocrx_word' id='word_1_76' title='bbox 239 1564 270 1617; x_wconf 91' lang='lat' dir='ltr'>et</span> <span class='ocrx_word' id='word_1_77' title='bbox 291 1556 328 1617; x_wconf 87' lang='lat' dir='ltr'>de</span> <span class='ocrx_word' id='word_1_78' title='bbox 351 1555 466 1638; x_wconf 76' lang='lat' dir='ltr'>Caspiis</span> <span class='ocrx_word' id='word_1_79' title='bbox 488 1565 517 1616; x_wconf 90' lang='lat' dir='ltr'>et</span> <span class='ocrx_word' id='word_1_80' title='bbox 546 1555 583 1616; x_wconf 90' lang='lat' dir='ltr'>de</span> <span class='ocrx_word' id='word_1_81' title='bbox 605 1557 755 1636; x_wconf 87' lang='lat' dir='ltr'>Hyrcanis</span> <span class='ocrx_word' id='word_1_82' title='bbox 783 1557 861 1617; x_wconf 92' lang='lat' dir='ltr'>idem</span> <span class='ocrx_word' id='word_1_83' title='bbox 891 1556 986 1633; x_wconf 89' lang='lat' dir='ltr'>tradi,</span> <span class='ocrx_word' id='word_1_84' title='bbox 1018 1555 1097 1638; x_wconf 89' lang='lat' dir='ltr'>apud</span> <span class='ocrx_word' id='word_1_85' title='bbox 1130 1565 1268 1638; x_wconf 86' lang='lat' dir='ltr'>utrosque</span> <span class='ocrx_word' id='word_1_86' title='bbox 1299 1578 1385 1619; x_wconf 90' lang='lat' dir='ltr'>canes</span> 
     </span>
     <span class='ocr_line' id='line_1_13' title="bbox 240 1664 1385 1747; baseline -0.003 -22"><span class='ocrx_word' id='word_1_87' title='bbox 240 1668 432 1747; x_wconf 90' lang='lat' dir='ltr'>pugnantium</span> <span class='ocrx_word' id='word_1_88' title='bbox 456 1664 603 1726; x_wconf 89' lang='lat' dir='ltr'>adiutores</span> <span class='ocrx_word' id='word_1_89' title='bbox 626 1674 701 1741; x_wconf 88' lang='lat' dir='ltr'>sunt,</span> <span class='ocrx_word' id='word_1_90' title='bbox 724 1664 802 1746; x_wconf 89' lang='lat' dir='ltr'>apud</span> <span class='ocrx_word' id='word_1_91' title='bbox 817 1673 955 1747; x_wconf 85' lang='lat' dir='ltr'>utrosque</span> <span class='ocrx_word' id='word_1_92' title='bbox 971 1665 1115 1746; x_wconf 91' lang='lat' dir='ltr'>sepeliunt</span> <span class='ocrx_word' id='word_1_93' title='bbox 1128 1674 1262 1727; x_wconf 91' lang='lat' dir='ltr'>mortuos.</span> <span class='ocrx_word' id='word_1_94' title='bbox 1301 1665 1385 1724; x_wconf 89' lang='lat' dir='ltr'>Duas</span> 
     </span>
     <span class='ocr_line' id='line_1_14' title="bbox 239 1773 1384 1856; baseline 0 -21"><span class='ocrx_word' id='word_1_95' title='bbox 239 1783 343 1853; x_wconf 87' lang='lat' dir='ltr'>gentes</span> <span class='ocrx_word' id='word_1_96' title='bbox 365 1773 511 1836; x_wconf 87' lang='lat' dir='ltr'>interdum</span> <span class='ocrx_word' id='word_1_97' title='bbox 533 1775 669 1834; x_wconf 83' lang='lat' dir='ltr'>confusae</span> <span class='ocrx_word' id='word_1_98' title='bbox 690 1795 752 1836; x_wconf 92' lang='lat' dir='ltr'>esse</span> <span class='ocrx_word' id='word_1_99' title='bbox 775 1795 812 1836; x_wconf 88' lang='lat' dir='ltr'>ex</span> <span class='ocrx_word' id='word_1_100' title='bbox 834 1775 954 1856; x_wconf 89' lang='lat' dir='ltr'>paribus</span> <span class='ocrx_word' id='word_1_101' title='bbox 975 1774 1105 1835; x_wconf 91' lang='lat' dir='ltr'>moribus</span> <span class='ocrx_word' id='word_1_102' title='bbox 1128 1775 1293 1854; x_wconf 82' lang='lat' dir='ltr'>colligimus</span> <span class='ocrx_word' id='word_1_103' title='bbox 1308 1793 1384 1854; x_wconf 89' lang='lat' dir='ltr'>quae</span> 
     </span>
     <span class='ocr_line' id='line_1_15' title="bbox 240 1883 1384 1966; baseline -0.002 -21"><span class='ocrx_word' id='word_1_104' title='bbox 240 1887 283 1945; x_wconf 92' lang='lat' dir='ltr'>eis</span> <span class='ocrx_word' id='word_1_105' title='bbox 315 1904 334 1943; x_wconf 86' lang='lat' dir='ltr'>a</span> <span class='ocrx_word' id='word_1_106' title='bbox 364 1883 553 1965; x_wconf 83' lang='lat' dir='ltr'>scriptoribus</span> <span class='ocrx_word' id='word_1_107' title='bbox 582 1883 794 1944; x_wconf 85' lang='lat' dir='ltr'>adscribuntur.</span> <span class='ocrx_word' id='word_1_108' title='bbox 840 1886 949 1944; x_wconf 81' lang='lat' dir='ltr'>Earum</span> <span class='ocrx_word' id='word_1_109' title='bbox 976 1887 1096 1944; x_wconf 92' lang='lat' dir='ltr'>nomina</span> <span class='ocrx_word' id='word_1_110' title='bbox 1119 1903 1206 1966; x_wconf 83' lang='lat' dir='ltr'>saepe</span> <span class='ocrx_word' id='word_1_111' title='bbox 1228 1887 1384 1944; x_wconf 89' lang='lat' dir='ltr'>coniuncta</span> 
     </span>
     <span class='ocr_line' id='line_1_16' title="bbox 239 1992 1385 2076; baseline 0 -22"><span class='ocrx_word' id='word_1_112' title='bbox 239 1992 520 2076; x_wconf 88' lang='lat' dir='ltr'>pronuntiabantur,</span> <span class='ocrx_word' id='word_1_113' title='bbox 555 1992 634 2074; x_wconf 89' lang='lat' dir='ltr'>quod</span> <span class='ocrx_word' id='word_1_114' title='bbox 663 1997 736 2052; x_wconf 89' lang='lat' dir='ltr'>mari</span> <span class='ocrx_word' id='word_1_115' title='bbox 760 1992 867 2076; x_wconf 88' lang='lat' dir='ltr'>Caspio</span> <span class='ocrx_word' id='word_1_116' title='bbox 903 2003 932 2055; x_wconf 93' lang='lat' dir='ltr'>et</span> <span class='ocrx_word' id='word_1_117' title='bbox 962 2013 1068 2055; x_wconf 88' lang='lat' dir='ltr'>nornen</span> <span class='ocrx_word' id='word_1_118' title='bbox 1090 1994 1276 2075; x_wconf 87' lang='lat' dir='ltr'>Hyrcanium</span> <span class='ocrx_word' id='word_1_119' title='bbox 1305 2013 1385 2054; x_wconf 91' lang='lat' dir='ltr'>mare</span> 
     </span>
     <span class='ocr_line' id='line_1_17' title="bbox 241 2094 1381 2187; baseline 0 -23"><span class='ocrx_word' id='word_1_120' title='bbox 241 2111 311 2180; x_wconf 84' lang='lat' dir='ltr'>erat,</span> <span class='ocrx_word' id='word_1_121' title='bbox 343 2103 378 2164; x_wconf 82' lang='lat' dir='ltr'>ci</span> <span class='ocrx_word' id='word_1_122' title='bbox 402 2102 502 2182; x_wconf 82' lang='lat' dir='ltr'>Steph.</span> <span class='ocrx_word' id='word_1_123' title='bbox 522 2103 593 2183; x_wconf 82' lang='lat' dir='ltr'><strong>Byz.</strong></span> <span class='ocrx_word' id='word_1_124' title='bbox 628 2097 768 2182; x_wconf 81' lang='lat' dir='ltr'>Kaoala,</span> <span class='ocrx_word' id='word_1_125' title='bbox 801 2100 919 2186; x_wconf 74' lang='grc' dir='ltr'>λέγεται</span> <span class='ocrx_word' id='word_1_126' title='bbox 952 2099 1000 2166; x_wconf 83' lang='grc' dir='ltr'>καὶ</span> <span class='ocrx_word' id='word_1_127' title='bbox 1029 2094 1217 2187; x_wconf 77' lang='grc' dir='ltr'>Ὑρκανίαὴ</span> <span class='ocrx_word' id='word_1_128' title='bbox 1249 2095 1381 2179; x_wconf 71' lang='lat' dir='ltr'>Kronia,</span> 
     </span>
     <span class='ocr_line' id='line_1_18' title="bbox 240 2199 1385 2294; baseline -0.003 -20"><span class='ocrx_word' id='word_1_129' title='bbox 240 2207 314 2282; x_wconf 76' lang='grc' dir='ltr'>τινὲς</span> <span class='ocrx_word' id='word_1_130' title='bbox 338 2206 371 2272; x_wconf 81' lang='grc' dir='ltr'>δὲ</span> <span class='ocrx_word' id='word_1_131' title='bbox 394 2199 502 2281; x_wconf 76' lang='grc' dir='ltr'>ταύτας</span> <span class='ocrx_word' id='word_1_132' title='bbox 527 2208 732 2294; x_wconf 75' lang='grc' dir='ltr'>διακρίνουσιν.</span> <span class='ocrx_word' id='word_1_133' title='bbox 777 2213 931 2274; x_wconf 85' lang='lat' dir='ltr'>Facillime</span> <span class='ocrx_word' id='word_1_134' title='bbox 960 2215 1050 2291; x_wconf 91' lang='lat' dir='ltr'>igitur</span> <span class='ocrx_word' id='word_1_135' title='bbox 1083 2211 1158 2272; x_wconf 88' lang='lat' dir='ltr'>duae</span> <span class='ocrx_word' id='word_1_136' title='bbox 1184 2219 1286 2290; x_wconf 83' lang='lat' dir='ltr'>gentes</span> <span class='ocrx_word' id='word_1_137' title='bbox 1316 2230 1385 2271; x_wconf 90' lang='lat' dir='ltr'>con-</span> 
     </span>
     <span class='ocr_line' id='line_1_19' title="bbox 239 2318 1384 2399; baseline -0.003 -18"><span class='ocrx_word' id='word_1_138' title='bbox 239 2320 443 2383; x_wconf 81' lang='lat' dir='ltr'>fundebantur.</span> <span class='ocrx_word' id='word_1_139' title='bbox 489 2319 573 2396; x_wconf 79' lang='lat' dir='ltr'>Quae</span> <span class='ocrx_word' id='word_1_140' title='bbox 600 2321 735 2382; x_wconf 86' lang='lat' dir='ltr'>Valerius</span> <span class='ocrx_word' id='word_1_141' title='bbox 770 2320 860 2381; x_wconf 89' lang='lat' dir='ltr'>tradit</span> <span class='ocrx_word' id='word_1_142' title='bbox 889 2342 947 2381; x_wconf 92' lang='lat' dir='ltr'>non</span> <span class='ocrx_word' id='word_1_143' title='bbox 978 2324 1074 2381; x_wconf 90' lang='lat' dir='ltr'>minus</span> <span class='ocrx_word' id='word_1_144' title='bbox 1104 2319 1162 2381; x_wconf 90' lang='lat' dir='ltr'>fide</span> <span class='ocrx_word' id='word_1_145' title='bbox 1196 2318 1287 2399; x_wconf 82' lang='lat' dir='ltr'>digna</span> <span class='ocrx_word' id='word_1_146' title='bbox 1316 2327 1384 2379; x_wconf 90' lang='lat' dir='ltr'>sunt</span> 
     </span>
     <span class='ocr_line' id='line_1_20' title="bbox 241 2425 1384 2512; baseline -0.004 -21"><span class='ocrx_word' id='word_1_147' title='bbox 241 2451 328 2512; x_wconf 88' lang='lat' dir='ltr'>quam</span> <span class='ocrx_word' id='word_1_148' title='bbox 361 2449 436 2511; x_wconf 88' lang='lat' dir='ltr'>quae</span> <span class='ocrx_word' id='word_1_149' title='bbox 468 2427 546 2510; x_wconf 91' lang='lat' dir='ltr'>apud</span> <span class='ocrx_word' id='word_1_150' title='bbox 570 2427 726 2488; x_wconf 88' lang='lat' dir='ltr'>Aelianum</span> <span class='ocrx_word' id='word_1_151' title='bbox 749 2426 881 2505; x_wconf 76' lang='lat' dir='ltr'>legimus,</span> <span class='ocrx_word' id='word_1_152' title='bbox 910 2429 968 2486; x_wconf 91' lang='lat' dir='ltr'>nisi</span> <span class='ocrx_word' id='word_1_153' title='bbox 989 2427 1065 2488; x_wconf 88' lang='lat' dir='ltr'>forte</span> <span class='ocrx_word' id='word_1_154' title='bbox 1087 2425 1277 2508; x_wconf 86' lang='lat' dir='ltr'>praeferenda</span> <span class='ocrx_word' id='word_1_155' title='bbox 1299 2433 1384 2486; x_wconf 89' lang='lat' dir='ltr'>sunt:</span> 
     </span>
     <span class='ocr_line' id='line_1_21' title="bbox 238 2533 1380 2617; baseline -0.006 -19"><span class='ocrx_word' id='word_1_156' title='bbox 238 2549 307 2598; x_wconf 88' lang='lat' dir='ltr'>nam</span> <span class='ocrx_word' id='word_1_157' title='bbox 328 2537 463 2617; x_wconf 84' lang='lat' dir='ltr'>Hyrcani</span> <span class='ocrx_word' id='word_1_158' title='bbox 485 2555 661 2616; x_wconf 88' lang='lat' dir='ltr'>quamquam</span> <span class='ocrx_word' id='word_1_159' title='bbox 683 2537 850 2615; x_wconf 86' lang='lat' dir='ltr'>saepissime</span> <span class='ocrx_word' id='word_1_160' title='bbox 873 2541 1133 2594; x_wconf 88' lang='lat' dir='ltr'>commemorantur</span> <span class='ocrx_word' id='word_1_161' title='bbox 1163 2541 1193 2594; x_wconf 93' lang='lat' dir='ltr'>et</span> <span class='ocrx_word' id='word_1_162' title='bbox 1222 2533 1380 2594; x_wconf 90' lang='lat' dir='ltr'>multorum</span> 
     </span>
     <span class='ocr_line' id='line_1_22' title="bbox 239 2639 1382 2723; baseline -0.003 -17"><span class='ocrx_word' id='word_1_163' title='bbox 239 2644 382 2706; x_wconf 87' lang='lat' dir='ltr'>bellorum</span> <span class='ocrx_word' id='word_1_164' title='bbox 405 2644 563 2723; x_wconf 86' lang='lat' dir='ltr'>participes</span> <span class='ocrx_word' id='word_1_165' title='bbox 585 2649 669 2703; x_wconf 87' lang='lat' dir='ltr'>erant</span> <span class='ocrx_word' id='word_1_166' title='bbox 691 2649 788 2702; x_wconf 91' lang='lat' dir='ltr'>tamen</span> <span class='ocrx_word' id='word_1_167' title='bbox 810 2639 847 2700; x_wconf 94' lang='lat' dir='ltr'>de</span> <span class='ocrx_word' id='word_1_168' title='bbox 870 2640 991 2702; x_wconf 87' lang='lat' dir='ltr'>canibus</span> <span class='ocrx_word' id='word_1_169' title='bbox 1014 2640 1127 2702; x_wconf 86' lang='lat' dir='ltr'>bellicis</span> <span class='ocrx_word' id='word_1_170' title='bbox 1150 2659 1249 2702; x_wconf 89' lang='lat' dir='ltr'>eorum</span> <span class='ocrx_word' id='word_1_171' title='bbox 1270 2643 1302 2701; x_wconf 89' lang='lat' dir='ltr'>in</span> <span class='ocrx_word' id='word_1_172' title='bbox 1317 2640 1382 2702; x_wconf 89' lang='lat' dir='ltr'>nul-</span> 
     </span>
     <span class='ocr_line' id='line_1_23' title="bbox 239 2748 1386 2832; baseline -0.002 -22"><span class='ocrx_word' id='word_1_173' title='bbox 239 2750 296 2810; x_wconf 92' lang='lat' dir='ltr'>lius</span> <span class='ocrx_word' id='word_1_174' title='bbox 317 2770 434 2832; x_wconf 86' lang='lat' dir='ltr'>pugnae</span> <span class='ocrx_word' id='word_1_175' title='bbox 457 2748 649 2830; x_wconf 87' lang='lat' dir='ltr'>descriptione</span> <span class='ocrx_word' id='word_1_176' title='bbox 674 2752 829 2831; x_wconf 88' lang='lat' dir='ltr'>quicquam</span> <span class='ocrx_word' id='word_1_177' title='bbox 851 2749 992 2828; x_wconf 82' lang='lat' dir='ltr'>legimus:</span> <span class='ocrx_word' id='word_1_178' title='bbox 1013 2755 1073 2808; x_wconf 88' lang='lat' dir='ltr'>tam</span> <span class='ocrx_word' id='word_1_179' title='bbox 1095 2753 1172 2809; x_wconf 89' lang='lat' dir='ltr'>n&#39;ova</span> <span class='ocrx_word' id='word_1_180' title='bbox 1193 2767 1240 2810; x_wconf 88' lang='lat' dir='ltr'>res</span> <span class='ocrx_word' id='word_1_181' title='bbox 1258 2757 1329 2824; x_wconf 87' lang='lat' dir='ltr'>erat,</span> <span class='ocrx_word' id='word_1_182' title='bbox 1351 2757 1386 2808; x_wconf 94' lang='lat' dir='ltr'>ut</span> 
     </span>
     <span class='ocr_line' id='line_1_24' title="bbox 241 2855 1385 2938; baseline 0 -22"><span class='ocrx_word' id='word_1_183' title='bbox 241 2859 396 2938; x_wconf 87' lang='lat' dir='ltr'>scriptores</span> <span class='ocrx_word' id='word_1_184' title='bbox 418 2877 483 2918; x_wconf 84' lang='lat' dir='ltr'>earn</span> <span class='ocrx_word' id='word_1_185' title='bbox 505 2857 619 2918; x_wconf 90' lang='lat' dir='ltr'>silentio</span> <span class='ocrx_word' id='word_1_186' title='bbox 643 2878 701 2917; x_wconf 93' lang='lat' dir='ltr'>non</span> <span class='ocrx_word' id='word_1_187' title='bbox 722 2859 955 2938; x_wconf 90' lang='lat' dir='ltr'>praeteriissent:</span> <span class='ocrx_word' id='word_1_188' title='bbox 980 2863 1080 2916; x_wconf 89' lang='lat' dir='ltr'>contra</span> <span class='ocrx_word' id='word_1_189' title='bbox 1096 2855 1268 2937; x_wconf 88' lang='lat' dir='ltr'>Caspiorum</span> <span class='ocrx_word' id='word_1_190' title='bbox 1290 2859 1385 2916; x_wconf 88' lang='lat' dir='ltr'>virtue</span> 
     </span>
     <span class='ocr_line' id='line_1_25' title="bbox 242 2963 1386 3046; baseline 0.002 -22"><span class='ocrx_word' id='word_1_191' title='bbox 242 2985 307 3024; x_wconf 90' lang='lat' dir='ltr'>cum</span> <span class='ocrx_word' id='word_1_192' title='bbox 329 2968 360 3025; x_wconf 91' lang='lat' dir='ltr'>iu</span> <span class='ocrx_word' id='word_1_193' title='bbox 383 2965 496 3045; x_wconf 87' lang='lat' dir='ltr'>agendo</span> <span class='ocrx_word' id='word_1_194' title='bbox 520 2985 678 3046; x_wconf 87' lang='lat' dir='ltr'>numquam</span> <span class='ocrx_word' id='word_1_195' title='bbox 701 2967 766 3025; x_wconf 91' lang='lat' dir='ltr'>visa</span> <span class='ocrx_word' id='word_1_196' title='bbox 789 2973 864 3026; x_wconf 90' lang='lat' dir='ltr'>esset</span> <span class='ocrx_word' id='word_1_197' title='bbox 885 2963 972 3024; x_wconf 83' lang='lat' dir='ltr'>facile</span> <span class='ocrx_word' id='word_1_198' title='bbox 995 2966 1111 3025; x_wconf 90' lang='lat' dir='ltr'>evenire</span> <span class='ocrx_word' id='word_1_199' title='bbox 1129 2967 1225 3045; x_wconf 89' lang='lat' dir='ltr'>potuit</span> <span class='ocrx_word' id='word_1_200' title='bbox 1239 2973 1272 3026; x_wconf 91' lang='lat' dir='ltr'>ut</span> <span class='ocrx_word' id='word_1_201' title='bbox 1287 2984 1386 3026; x_wconf 91' lang='lat' dir='ltr'>eorum</span> 
     </span>
     <span class='ocr_line' id='line_1_26' title="bbox 241 3072 1387 3154; baseline -0.002 -20"><span class='ocrx_word' id='word_1_202' title='bbox 241 3092 287 3134; x_wconf 91' lang='lat' dir='ltr'>res</span> <span class='ocrx_word' id='word_1_203' title='bbox 308 3076 339 3134; x_wconf 93' lang='lat' dir='ltr'>in</span> <span class='ocrx_word' id='word_1_204' title='bbox 362 3072 483 3134; x_wconf 87' lang='lat' dir='ltr'>obscuro</span> <span class='ocrx_word' id='word_1_205' title='bbox 506 3081 662 3134; x_wconf 89' lang='lat' dir='ltr'>manerent.</span> <span class='ocrx_word' id='word_1_206' title='bbox 708 3073 744 3132; x_wconf 93' lang='lat' dir='ltr'>Id</span> <span class='ocrx_word' id='word_1_207' title='bbox 766 3081 844 3134; x_wconf 88' lang='lat' dir='ltr'>certe</span> <span class='ocrx_word' id='word_1_208' title='bbox 866 3081 988 3154; x_wconf 91' lang='lat' dir='ltr'>apparet</span> <span class='ocrx_word' id='word_1_209' title='bbox 1009 3073 1163 3134; x_wconf 90' lang='lat' dir='ltr'>Valerium</span> <span class='ocrx_word' id='word_1_210' title='bbox 1191 3076 1387 3136; x_wconf 80' lang='lat' dir='ltr'>narrationem</span> 
     </span>
     <span class='ocr_line' id='line_1_27' title="bbox 242 3179 789 3240; baseline 0.004 -2"><span class='ocrx_word' id='word_1_211' title='bbox 242 3198 324 3239; x_wconf 88' lang='lat' dir='ltr'>snam</span> <span class='ocrx_word' id='word_1_212' title='bbox 347 3199 405 3240; x_wconf 92' lang='lat' dir='ltr'>non</span> <span class='ocrx_word' id='word_1_213' title='bbox 428 3179 467 3239; x_wconf 88' lang='lat' dir='ltr'>ad</span> <span class='ocrx_word' id='word_1_214' title='bbox 489 3179 640 3240; x_wconf 87' lang='lat' dir='ltr'>arbitrium</span> <span class='ocrx_word' id='word_1_215' title='bbox 662 3179 789 3240; x_wconf 83' lang='lat' dir='ltr'>finxisse.</span> 
     </span>
    </p>

    <p class='ocr_par' dir='ltr' id='par_1_6' title="bbox 244 3287 1386 3805">
     <span class='ocr_line' id='line_1_28' title="bbox 327 3287 1385 3370; baseline -0.001 -20"><span class='ocrx_word' id='word_1_216' title='bbox 327 3287 417 3350; x_wconf 85' lang='lat' dir='ltr'>Sedes</span> <span class='ocrx_word' id='word_1_217' title='bbox 439 3288 478 3349; x_wconf 89' lang='lat' dir='ltr'>ad</span> <span class='ocrx_word' id='word_1_218' title='bbox 500 3288 639 3367; x_wconf 86' lang='lat' dir='ltr'>angulum</span> <span class='ocrx_word' id='word_1_219' title='bbox 662 3287 763 3370; x_wconf 80' lang='lat' dir='ltr'>Caspii</span> <span class='ocrx_word' id='word_1_220' title='bbox 785 3290 873 3348; x_wconf 91' lang='lat' dir='ltr'>maris</span> <span class='ocrx_word' id='word_1_221' title='bbox 899 3291 976 3348; x_wconf 87' lang='lat' dir='ltr'>iuter</span> <span class='ocrx_word' id='word_1_222' title='bbox 997 3308 1131 3348; x_wconf 86' lang='lat' dir='ltr'>occasum</span> <span class='ocrx_word' id='word_1_223' title='bbox 1153 3289 1224 3348; x_wconf 88' lang='lat' dir='ltr'>solis</span> <span class='ocrx_word' id='word_1_224' title='bbox 1246 3297 1275 3350; x_wconf 87' lang='lat' dir='ltr'>et</span> <span class='ocrx_word' id='word_1_225' title='bbox 1297 3293 1385 3352; x_wconf 86' lang='lat' dir='ltr'>meri-</span> 
     </span>
     <span class='ocr_line' id='line_1_29' title="bbox 244 3395 1386 3479; baseline 0.002 -22"><span class='ocrx_word' id='word_1_226' title='bbox 244 3395 322 3459; x_wconf 90' lang='lat' dir='ltr'>diem</span> <span class='ocrx_word' id='word_1_227' title='bbox 353 3405 487 3479; x_wconf 88' lang='lat' dir='ltr'>spectans</span> <span class='ocrx_word' id='word_1_228' title='bbox 521 3417 679 3477; x_wconf 87' lang='lat' dir='ltr'>numquam</span> <span class='ocrx_word' id='word_1_229' title='bbox 712 3405 898 3458; x_wconf 82' lang='lat' dir='ltr'>mutaverunt</span> <span class='ocrx_word' id='word_1_230' title='bbox 930 3415 1086 3476; x_wconf 88' lang='lat' dir='ltr'>omnesque</span> <span class='ocrx_word' id='word_1_231' title='bbox 1119 3399 1274 3478; x_wconf 87' lang='lat' dir='ltr'>scriptores</span> <span class='ocrx_word' id='word_1_232' title='bbox 1308 3396 1386 3459; x_wconf 91' lang='lat' dir='ltr'>idem</span> 
     </span>
     <span class='ocr_line' id='line_1_30' title="bbox 244 3505 1383 3584; baseline 0.002 -18"><span class='ocrx_word' id='word_1_233' title='bbox 244 3505 372 3584; x_wconf 89' lang='lat' dir='ltr'>tradunt,</span> <span class='ocrx_word' id='word_1_234' title='bbox 395 3505 470 3566; x_wconf 86' lang='lat' dir='ltr'>Tab.</span> <span class='ocrx_word' id='word_1_235' title='bbox 495 3507 579 3566; x_wconf 88' lang='lat' dir='ltr'>Peut.</span> <span class='ocrx_word' id='word_1_236' title='bbox 603 3505 668 3566; x_wconf 91' lang='lat' dir='ltr'>XII</span> <span class='ocrx_word' id='word_1_237' title='bbox 693 3509 718 3566; x_wconf 80' lang='lat'>2.</span> <span class='ocrx_word' id='word_1_238' title='bbox 764 3505 844 3566; x_wconf 89' lang='lat' dir='ltr'>Mola</span> <span class='ocrx_word' id='word_1_239' title='bbox 865 3505 890 3580; x_wconf 83' lang='grc' dir='ltr'>Ι,</span> <span class='ocrx_word' id='word_1_240' title='bbox 915 3505 1050 3582; x_wconf 68' lang='lat'>2,12‚111</span> <span class='ocrx_word' id='word_1_241' title='bbox 1074 3507 1138 3582; x_wconf 67' lang='lat' dir='ltr'>bae.</span> <span class='ocrx_word' id='word_1_242' title='bbox 1183 3505 1288 3568; x_wconf 79' lang='lat' dir='ltr'>Strabo</span> <span class='ocrx_word' id='word_1_243' title='bbox 1313 3508 1383 3568; x_wconf 76' lang='lat'>502.</span> 
     </span>
     <span class='ocr_line' id='line_1_31' title="bbox 246 3614 1386 3692; baseline 0.002 -15"><span class='ocrx_word' id='word_1_244' title='bbox 246 3617 315 3677; x_wconf 82' lang='lat'>506.</span> <span class='ocrx_word' id='word_1_245' title='bbox 341 3619 411 3677; x_wconf 80' lang='lat'>514.</span> <span class='ocrx_word' id='word_1_246' title='bbox 456 3615 545 3676; x_wconf 90' lang='lat' dir='ltr'>Dion.</span> <span class='ocrx_word' id='word_1_247' title='bbox 569 3616 634 3676; x_wconf 90' lang='lat' dir='ltr'>Per.</span> <span class='ocrx_word' id='word_1_248' title='bbox 655 3618 725 3676; x_wconf 80' lang='lat'><strong>730.</strong></span> <span class='ocrx_word' id='word_1_249' title='bbox 769 3614 891 3676; x_wconf 87' lang='lat' dir='ltr'>Ptolem.</span> <span class='ocrx_word' id='word_1_250' title='bbox 908 3615 953 3676; x_wconf 90' lang='lat' dir='ltr'>VI</span> <span class='ocrx_word' id='word_1_251' title='bbox 978 3619 1050 3692; x_wconf 64' lang='lat' dir='ltr'>ipa.</span> <span class='ocrx_word' id='word_1_252' title='bbox 1088 3615 1386 3680; x_wconf 79' lang='lat' dir='ltr'>Plin.Vlee.114.</span> 
     </span>
     <span class='ocr_line' id='line_1_32' title="bbox 246 3724 1225 3805; baseline -0.002 -19"><span class='ocrx_word' id='word_1_253' title='bbox 246 3728 316 3786; x_wconf 80' lang='lat'>217.</span> <span class='ocrx_word' id='word_1_254' title='bbox 340 3725 428 3786; x_wconf 91' lang='lat' dir='ltr'>schol.</span> <span class='ocrx_word' id='word_1_255' title='bbox 452 3724 508 3805; x_wconf 85' lang='lat' dir='ltr'>Ap.</span> <span class='ocrx_word' id='word_1_256' title='bbox 532 3724 587 3784; x_wconf 89' lang='lat' dir='ltr'>Rh.</span> <span class='ocrx_word' id='word_1_257' title='bbox 611 3725 660 3784; x_wconf 94' lang='lat' dir='ltr'>III</span> <span class='ocrx_word' id='word_1_258' title='bbox 684 3726 754 3786; x_wconf 79' lang='lat'>859.</span> <span class='ocrx_word' id='word_1_259' title='bbox 799 3725 905 3786; x_wconf 86' lang='lat' dir='ltr'>Florus</span> <span class='ocrx_word' id='word_1_260' title='bbox 927 3724 943 3784; x_wconf 95' lang='lat' dir='ltr'>I</span> <span class='ocrx_word' id='word_1_261' title='bbox 966 3727 1007 3786; x_wconf 87' lang='lat'>40</span> <span class='ocrx_word' id='word_1_262' title='bbox 1032 3724 1086 3804; x_wconf 88' lang='lat'>(=</span> <span class='ocrx_word' id='word_1_263' title='bbox 1110 3724 1160 3785; x_wconf 94' lang='lat' dir='ltr'>III</span> <span class='ocrx_word' id='word_1_264' title='bbox 1184 3727 1225 3802; x_wconf 82' lang='lat'>5).</span> 
     </span>
    </p>

    <p class='ocr_par' dir='ltr' id='par_1_7' title="bbox 244 3828 1394 4571">
     <span class='ocr_line' id='line_1_33' title="bbox 334 3828 1387 3912; baseline 0.002 -18"><span class='ocrx_word' id='word_1_265' title='bbox 334 3835 460 3895; x_wconf 76' lang='lat' dir='ltr'>Centoras</span> <span class='ocrx_word' id='word_1_266' title='bbox 496 3833 554 3912; x_wconf 90' lang='lat' dir='ltr'>(VI</span> <span class='ocrx_word' id='word_1_267' title='bbox 591 3828 664 3912; x_wconf 77' lang='lat'>151)</span> <span class='ocrx_word' id='word_1_268' title='bbox 698 3831 855 3894; x_wconf 88' lang='lat' dir='ltr'>Centorum</span> <span class='ocrx_word' id='word_1_269' title='bbox 891 3851 998 3893; x_wconf 90' lang='lat' dir='ltr'>nomen</span> <span class='ocrx_word' id='word_1_270' title='bbox 1030 3831 1102 3892; x_wconf 84' lang='lat' dir='ltr'>alibi</span> <span class='ocrx_word' id='word_1_271' title='bbox 1136 3853 1196 3892; x_wconf 91' lang='lat' dir='ltr'>non</span> <span class='ocrx_word' id='word_1_272' title='bbox 1230 3835 1387 3896; x_wconf 79' lang='lat' dir='ltr'>invenitur.</span> 
     </span>
     <span class='ocr_line' id='line_1_34' title="bbox 244 3942 1387 4022; baseline -0.002 -18"><span class='ocrx_word' id='word_1_273' title='bbox 244 3942 293 4004; x_wconf 80' lang='lat' dir='ltr'>Ex</span> <span class='ocrx_word' id='word_1_274' title='bbox 315 3942 417 4003; x_wconf 89' lang='lat' dir='ltr'>ordine</span> <span class='ocrx_word' id='word_1_275' title='bbox 441 3943 591 4006; x_wconf 88' lang='lat' dir='ltr'>nominum</span> <span class='ocrx_word' id='word_1_276' title='bbox 613 3960 689 4022; x_wconf 87' lang='lat' dir='ltr'>quae</span> <span class='ocrx_word' id='word_1_277' title='bbox 716 3950 783 4002; x_wconf 90' lang='lat' dir='ltr'>eunt</span> <span class='ocrx_word' id='word_1_278' title='bbox 797 3945 952 4002; x_wconf 81' lang='lat' dir='ltr'>anmataa</span> <span class='ocrx_word' id='word_1_279' title='bbox 967 3945 1073 4020; x_wconf 67' lang='lat' dir='ltr'>Toryne</span> <span class='ocrx_word' id='word_1_280' title='bbox 1086 3944 1237 4002; x_wconf 75' lang='lat' dir='ltr'>Satarchae</span> <span class='ocrx_word' id='word_1_281' title='bbox 1254 3946 1387 4020; x_wconf 73' lang='lat' dir='ltr'>praaa&#39;s</span> 
     </span>
     <span class='ocr_line' id='line_1_35' title="bbox 248 4049 1386 4132; baseline -0.004 -17"><span class='ocrx_word' id='word_1_282' title='bbox 248 4057 374 4116; x_wconf 77' lang='lat' dir='ltr'>Centoras</span> <span class='ocrx_word' id='word_1_283' title='bbox 401 4053 537 4114; x_wconf 70' lang='lat' dir='ltr'>maara</span> <span class='ocrx_word' id='word_1_284' title='bbox 568 4052 725 4112; x_wconf 88' lang='lat' dir='ltr'>certissime</span> <span class='ocrx_word' id='word_1_285' title='bbox 754 4050 903 4130; x_wconf 87' lang='lat' dir='ltr'>colligitur</span> <span class='ocrx_word' id='word_1_286' title='bbox 926 4050 1064 4112; x_wconf 84' lang='lat' dir='ltr'>Centoras</span> <span class='ocrx_word' id='word_1_287' title='bbox 1095 4069 1185 4132; x_wconf 91' lang='lat' dir='ltr'>prope</span> <span class='ocrx_word' id='word_1_288' title='bbox 1206 4049 1386 4113; x_wconf 88' lang='lat' dir='ltr'>Maeotidem</span> 
     </span>
     <span class='ocr_line' id='line_1_36' title="bbox 244 4157 1388 4242; baseline -0.003 -19"><span class='ocrx_word' id='word_1_289' title='bbox 244 4161 405 4238; x_wconf 83' lang='lat' dir='ltr'>habitasse,</span> <span class='ocrx_word' id='word_1_290' title='bbox 433 4169 467 4221; x_wconf 92' lang='lat' dir='ltr'>ut</span> <span class='ocrx_word' id='word_1_291' title='bbox 488 4159 605 4221; x_wconf 91' lang='lat' dir='ltr'>videtur</span> <span class='ocrx_word' id='word_1_292' title='bbox 635 4163 667 4219; x_wconf 90' lang='lat' dir='ltr'>iu</span> <span class='ocrx_word' id='word_1_293' title='bbox 689 4159 822 4220; x_wconf 82' lang='lat' dir='ltr'>Asiatica</span> <span class='ocrx_word' id='word_1_294' title='bbox 850 4160 947 4242; x_wconf 87' lang='lat' dir='ltr'>plaga.</span> <span class='ocrx_word' id='word_1_295' title='bbox 993 4157 1074 4222; x_wconf 79' lang='lat' dir='ltr'>Cena</span> <span class='ocrx_word' id='word_1_296' title='bbox 1103 4168 1165 4220; x_wconf 85' lang='lat' dir='ltr'>erat</span> <span class='ocrx_word' id='word_1_297' title='bbox 1186 4162 1258 4220; x_wconf 78' lang='lat' dir='ltr'>satIs</span> <span class='ocrx_word' id='word_1_298' title='bbox 1286 4162 1388 4238; x_wconf 80' lang='lat' dir='ltr'>ignota</span> 
     </span>
     <span class='ocr_line' id='line_1_37' title="bbox 244 4267 1387 4351; baseline -0.003 -19"><span class='ocrx_word' id='word_1_299' title='bbox 244 4279 274 4332; x_wconf 90' lang='lat' dir='ltr'>et</span> <span class='ocrx_word' id='word_1_300' title='bbox 304 4274 366 4332; x_wconf 92' lang='lat' dir='ltr'>sine</span> <span class='ocrx_word' id='word_1_301' title='bbox 387 4269 477 4331; x_wconf 89' lang='lat' dir='ltr'>dubio</span> <span class='ocrx_word' id='word_1_302' title='bbox 499 4290 604 4351; x_wconf 81' lang='lat' dir='ltr'>parva,</span> <span class='ocrx_word' id='word_1_303' title='bbox 639 4290 725 4350; x_wconf 90' lang='lat' dir='ltr'>quam</span> <span class='ocrx_word' id='word_1_304' title='bbox 755 4290 814 4330; x_wconf 91' lang='lat' dir='ltr'>nou</span> <span class='ocrx_word' id='word_1_305' title='bbox 843 4277 910 4330; x_wconf 88' lang='lat' dir='ltr'>ante</span> <span class='ocrx_word' id='word_1_306' title='bbox 941 4268 1069 4330; x_wconf 90' lang='lat' dir='ltr'>medium</span> <span class='ocrx_word' id='word_1_307' title='bbox 1092 4290 1118 4349; x_wconf 88' lang='lat' dir='ltr'>p.</span> <span class='ocrx_word' id='word_1_308' title='bbox 1140 4267 1208 4330; x_wconf 92' lang='lat' dir='ltr'>Chr.</span> <span class='ocrx_word' id='word_1_309' title='bbox 1240 4267 1387 4330; x_wconf 87' lang='lat' dir='ltr'>saeculum</span> 
     </span>
     <span class='ocr_line' id='line_1_38' title="bbox 244 4378 1390 4468; baseline -0.003 -27"><span class='ocrx_word' id='word_1_310' title='bbox 244 4383 369 4462; x_wconf 91' lang='lat' dir='ltr'>primum</span> <span class='ocrx_word' id='word_1_311' title='bbox 385 4382 661 4468; x_wconf 86' lang='lat' dir='ltr'>innotuisseueque</span> <span class='ocrx_word' id='word_1_312' title='bbox 682 4379 774 4439; x_wconf 89' lang='lat' dir='ltr'>multo</span> <span class='ocrx_word' id='word_1_313' title='bbox 797 4387 864 4460; x_wconf 91' lang='lat' dir='ltr'>post</span> <span class='ocrx_word' id='word_1_314' title='bbox 886 4382 917 4438; x_wconf 92' lang='lat' dir='ltr'>in</span> <span class='ocrx_word' id='word_1_315' title='bbox 933 4379 1137 4440; x_wconf 87' lang='lat' dir='ltr'>obscuritatem</span> <span class='ocrx_word' id='word_1_316' title='bbox 1160 4378 1303 4457; x_wconf 87' lang='lat' dir='ltr'>relapsam</span> <span class='ocrx_word' id='word_1_317' title='bbox 1326 4393 1390 4438; x_wconf 86' lang='lat' dir='ltr'>esee</span> 
     </span>
     <span class='ocr_line' id='line_1_39' title="bbox 247 4489 1394 4571; baseline -0.004 -21"><span class='ocrx_word' id='word_1_318' title='bbox 247 4491 310 4551; x_wconf 84' lang='lat' dir='ltr'>veri</span> <span class='ocrx_word' id='word_1_319' title='bbox 332 4491 426 4552; x_wconf 91' lang='lat' dir='ltr'>simile</span> <span class='ocrx_word' id='word_1_320' title='bbox 456 4498 507 4552; x_wconf 90' lang='lat' dir='ltr'>est.</span> <span class='ocrx_word' id='word_1_321' title='bbox 552 4489 635 4550; x_wconf 88' lang='lat' dir='ltr'>Haec</span> <span class='ocrx_word' id='word_1_322' title='bbox 659 4508 775 4571; x_wconf 85' lang='lat' dir='ltr'>quoque</span> <span class='ocrx_word' id='word_1_323' title='bbox 804 4508 877 4569; x_wconf 85' lang='lat' dir='ltr'>gens</span> <span class='ocrx_word' id='word_1_324' title='bbox 900 4489 976 4550; x_wconf 89' lang='lat' dir='ltr'>bello</span> <span class='ocrx_word' id='word_1_325' title='bbox 999 4509 1025 4548; x_wconf 84' lang='lat' dir='ltr'>a.</span> <span class='ocrx_word' id='word_1_326' title='bbox 1048 4491 1088 4549; x_wconf 82' lang='lat'>49</span> <span class='ocrx_word' id='word_1_327' title='bbox 1112 4497 1194 4565; x_wconf 86' lang='lat' dir='ltr'>gesto</span> <span class='ocrx_word' id='word_1_328' title='bbox 1225 4489 1394 4550; x_wconf 88' lang='lat' dir='ltr'>innotuisse.</span> 
     </span>
    </p>
   </div>
   <div class='ocr_carea' id='block_1_3' title="bbox 1118 4595 1164 4662">
    <p class='ocr_par' dir='ltr' id='par_1_8' title="bbox 1118 4595 1164 4662">
     <span class='ocr_line' id='line_1_40' title="bbox 1118 4595 1164 4662; baseline 0 -30"><span class='ocrx_word' id='word_1_329' title='bbox 1118 4595 1164 4662; x_wconf 68' lang='grc'>3*</span> 
     </span>
    </p>
   </div>
   <div class='ocr_carea' id='block_1_4' title="bbox 0 0 1609 4956">
    <p class='ocr_par' dir='ltr' id='par_1_9' title="bbox 0 0 1609 4956">
     <span class='ocr_line' id='line_1_41' title="bbox 0 0 1609 4956; baseline 0 0"><span class='ocrx_word' id='word_1_330' title='bbox 0 0 1609 4956; x_wconf 95' lang='lat' dir='ltr'> </span> 
     </span>
    </p>
   </div>
  </div>
 </body>
</html>
